3510 5610
754 307 925 364 PRISCIANI
943 308 1027 364 LYDI

793 656 887 721 CAP.
912 656 972 720 IX.

772 807 891 872 Titulus
912 810 998 873 deest.

343 996 381 1060 Et
407 997 463 1061 hoc
490 1005 608 1061 autern:
637 1018 732 1080 quaro
761 998 846 1061 omni
873 1018 997 1083 corpore
1019 999 1158 1064 animato
1185 1021 1224 1063 err
1246 999 1317 1064 llll.
1348 1000 1515 1065 elementis

257 1099 424 1183 composito
457 1100 651 1165 solummodo
685 1102 717 1164 iu
751 1101 913 1186 reptilibus
946 1102 1133 1166 animalibus
1166 1103 1318 1186 quaedam
1353 1104 1515 1167 mortifera

228 1216 377 1265 suenone
399 1202 613 1282 inueniuntur,
636 1204 722 1268 etin
745 1204 819 1288 ipsis
842 1225 963 1288 quoque
985 1205 1059 1268 dum
1082 1204 1155 1284 sint,
1177 1205 1292 1269 similia
1314 1227 1426 1289 genero
1449 1228 1512 1271 non

255 1303 389 1369 habent?
432 1306 508 1370 hacc
531 1307 568 1370 de
591 1307 750 1391 reptilium
773 1307 946 1371 differentia
968 1309 1173 1390 generationis
1188 1310 1339 1392 quaestio.
1384 1317 1416 1374 et
1439 1309 1512 1374 hoc:

256 1407 342 1471 ouius
365 1409 464 1490 gratia
486 1416 589 1472 creata
610 1417 684 1474 sunt
706 1410 782 1474 haec
804 1409 843 1473 ad
865 1417 997 1474 mortem
1019 1411 1150 1475 aliorum
1174 1418 1205 1475 ot
1226 1411 1510 1496 impedimentum?

255 1510 331 1574 nihil
355 1510 440 1574 aliud
463 1519 509 1575 est
531 1511 667 1575 fortassis
695 1511 897 1576 scrutandum
923 1520 1045 1597 praeter
1071 1535 1177 1577 causas
1204 1534 1242 1577 err
1265 1515 1379 1597 quibus
1401 1515 1512 1579 uolens

256 1611 349 1676 huius
371 1614 583 1677 uniuersitatis
606 1614 790 1678 constitutor
812 1615 999 1679 animalibus
1020 1614 1115 1679 uariis
1137 1616 1267 1679 terrenis
1283 1623 1315 1680 et
1328 1617 1513 1681 dolatilibus

215 1730 241 1774 ro
255 1722 286 1779 et
301 1716 499 1799 aquatilibus,
520 1716 619 1780 adhuc
635 1717 729 1780 etiam
746 1716 936 1800 germinibus
951 1724 983 1781 ot
998 1716 1099 1781 herbis
1119 1724 1150 1781 et
1165 1717 1320 1801 lapidibus
1333 1718 1513 1783 differenter

255 1819 432 1903 compositis
465 1819 652 1882 habentibus
685 1819 831 1900 uirtutes,
865 1840 988 1883 omnem
1021 1818 1200 1883 sensibilem
1234 1820 1357 1885 ornauit
1390 1821 1509 1903 locum;

255 1943 365 1985 causae
387 1921 471 1985 enim
493 1921 684 2004 singulorum
706 1922 900 1986 nascentium
922 1927 1004 1985 sunt.
1050 1928 1081 1984 et
1109 1920 1191 1985 unde
1219 1921 1329 1986 horum
1356 1922 1510 2007 quaedam

253 2024 379 2107 quidem
412 2022 471 2087 sibi
504 2024 639 2087 inuicem
673 2023 902 2108 compassibilia
934 2029 966 2087 et
996 2023 1239 2088 connaturaliter
1271 2025 1412 2109 potentia
1444 2047 1511 2090 esso

252 2126 428 2209 iterumque
461 2126 664 2190 aduersantur
697 2132 729 2190 et
761 2126 990 2210 corrumpentia
1022 2126 1140 2189 laetum
1174 2133 1220 2189 est
1252 2126 1327 2191 haec
1359 2134 1391 2191 et
1417 2128 1511 2192 aliter

213 2244 239 2288 ra
254 2236 405 2314 pugnant3
430 2235 461 2292 et
483 2228 609 2292 omnino
625 2228 748 2312 qualern
765 2228 963 2292 uniuersitati
978 2235 1138 2312 praestant
1154 2227 1342 2293 utilitatem?
1364 2230 1512 2295 similiter

253 2331 328 2416 quid
349 2330 468 2395 iaciunt
490 2329 659 2393 deliberare
682 2350 737 2393 nos
759 2331 894 2414 qualitor
916 2331 1012 2394 etiam
1030 2330 1074 2394 ibi
1089 2331 1146 2395 hoc
1162 2331 1387 2414 quaerendum:
1412 2354 1510 2417 quaro

251 2435 311 2498 iste
334 2433 461 2517 quidem
482 2432 561 2515 ignis
583 2433 647 2496 urit
669 2433 723 2516 qui
745 2439 792 2496 est
823 2432 940 2497 calidus
968 2439 1001 2497 et
1025 2432 1125 2497 siccus
1151 2433 1214 2497 alia
1241 2434 1396 2498 elementa
1422 2436 1509 2519 quali

252 2537 388 2620 quadam
410 2542 591 2599 consecutus
614 2542 660 2599 est
682 2534 838 2599 mixtura?
882 2535 1018 2599 rationes
1040 2535 1124 2599 enim
1147 2536 1233 2600 uarie
1249 2537 1509 2622 unumquodque

253 2639 355 2703 enasci
384 2645 416 2703 et
442 2639 536 2702 talem
563 2637 768 2701 substantiam
802 2639 916 2703 habere
949 2638 1121 2702 ineffabiles
1152 2645 1241 2719 sunt,
1275 2648 1306 2703 et
1331 2640 1388 2704 soli
1416 2649 1510 2704 notae

211 2758 238 2802 ao
253 2742 451 2827 componenti
473 2748 504 2805 et
526 2748 671 2804 naturam
693 2741 895 2806 substituenti
917 2741 1028 2805 talium
1055 2741 1226 2805 secundum
1249 2741 1388 2807 ordinem
1411 2763 1509 2826 quen·

252 2845 324 2910 dam
348 2850 379 2908 et
401 2844 574 2908 armoniam
595 2843 775 2927 gonitiuam.
820 2843 1010 2927 impossibile
1032 2851 1080 2907 est
1095 2843 1232 2927 partibili
1248 2845 1352 2909 animo
1368 2852 1400 2909 et
1414 2866 1509 2909 sensu

253 2949 391 3031 accipere
413 2946 598 3010 uarietatem
620 2967 786 3010 concursus
809 2952 840 3009 et
860 2947 979 3010 formae
1001 2953 1033 3010 et
1054 2946 1200 3010 utilitatis
1222 2967 1278 3010 seu
1300 2947 1396 3011 etiam
1418 2949 1459 3013 ad
1473 2971 1507 3014 se

251 3050 386 3114 inuicem
410 3049 677 3113 connaturalitatis
700 3054 732 3112 et
752 3048 944 3114 habitudinis
967 3048 1151 3113 animalium
1173 3056 1204 3112 et
1218 3049 1391 3132 germinum
1414 3058 1446 3115 et
1459 3052 1509 3117 in-

251 3152 449 3232 animalium,
476 3173 493 3215 a
522 3151 666 3214 maximis
692 3171 790 3234 usque
817 3151 857 3215 ad
884 3152 1015 3215 minima
1046 3150 1303 3235 perspiciendam.
1347 3159 1379 3216 et
1409 3175 1507 3237 quare

210 3272 237 3316 aa
251 3254 429 3320 uolatilium
450 3274 513 3317 non
535 3253 642 3317 eadem
666 3254 804 3317 omnium
826 3275 927 3338 neque
950 3255 1049 3318 uirtus
1072 3259 1104 3316 et
1126 3253 1276 3318 uelocitas
1298 3274 1398 3337 neque
1426 3277 1506 3337 esca,

250 3360 330 3424 sicut
352 3377 453 3440 noque
476 3356 585 3420 modus
604 3356 781 3441 suspicandi
797 3377 851 3441 per
864 3357 1061 3421 inimicitiam
1076 3380 1129 3422 seu
1146 3357 1317 3422 amicitiam
1333 3379 1388 3422 seu
1402 3360 1507 3424 medio

251 3461 387 3547 quodam
408 3458 518 3522 habitu
541 3458 581 3522 ad
603 3481 635 3522 so
658 3459 812 3523 inuicem?
855 3460 913 3524 hoc
938 3460 1041 3543 ipsum
1063 3459 1199 3524 fortassis
1221 3459 1262 3523 sit
1284 3465 1316 3523 et
1338 3461 1420 3525 circa
1442 3462 1507 3527 alia

251 3564 409 3630 animalia.
453 3561 497 3625 sic
520 3562 625 3646 itaque
648 3563 739 3626 etde
762 3562 952 3645 germinibus
972 3572 1003 3626 et
1017 3563 1188 3626 seminibus
1211 3570 1242 3626 ot
1264 3562 1421 3646 lapidibus
1444 3565 1506 3629 dis-

250 3666 425 3732 serendum.
470 3664 581 3728 homm
603 3664 717 3728 etenim
741 3664 894 3748 quaedam
920 3665 1045 3749 quidem
1075 3665 1157 3728 inter
1183 3686 1216 3728 se
1237 3664 1374 3729 inuicem
1395 3668 1509 3751 praeli·

210 3786 238 3831 ao
252 3777 344 3834 antur
366 3775 398 3832 et
420 3774 660 3850 corrumpuntur
682 3767 834 3831 contrario
855 3767 975 3851 impetu
991 3767 1284 3851 confusionibusque
1299 3775 1331 3831 et
1345 3768 1505 3851 mixturis3

251 3872 404 3959 quaedam
432 3891 504 3934 uero
533 3869 805 3952 congermioantur
831 3876 862 3933 et
884 3869 1065 3933 consistunt.
1108 3877 1140 3933 ot
1165 3869 1290 3933 omnino
1313 3869 1506 3936 multiforme

250 3984 282 4041 et
303 3975 447 4055 differens
473 3972 605 4036 materia
630 3971 788 4036 incausale
815 3971 939 4064 quidem
966 3971 1005 4034 ad
1032 3992 1101 4050 nos;
1136 3972 1269 4036 rationes
1302 3993 1376 4038 uero
1410 3975 1505 4040 unius

197 4123 466 4135 ——-———-———
471 4121 599 4128 —.-.--.

200 4203 212 4253 l
241 4200 314 4253 Vllll
332 4198 385 4267 kap
405 4216 436 4247 m.
455 4195 572 4246 recentior
590 4196 614 4245 in
636 4195 658 4244 G
677 4197 700 4244 ia
720 4197 810 4244 loconu
934 4192 950 4245 3
978 4195 1116 4262 elymentis
1137 4196 1160 4246 G
1278 4194 1295 4248 5
1323 4197 1394 4250 etin
1412 4197 1481 4264 ipsis
1499 4197 1557 4268 etan]

196 4290 214 4340 i.
225 4307 246 4339 e.
263 4304 353 4355 praece
372 4284 415 4337 καὶ
434 4283 459 4335 ἐν
479 4282 563 4339 αὐτοῖς
580 4281 607 4333 δὲ
626 4280 693 4346 ὄντα,
711 4282 743 4333 τὰ
762 4280 870 4352 ὁμογενῆ
889 4280 936 4333 οὐκ
956 4281 1008 4352 ἔχει
1118 4280 1237 4351 Best](
1273 4283 1327 4350 )0
1437 4284 1465 4336 ll
1492 4287 1558 4338 uirt-

196 4376 206 4443 (
243 4375 382 4442 )-nemG
492 4369 544 4429 ,12
572 4385 666 4423 causae
685 4371 753 4422 enim
773 4368 946 4438 singulorum]
966 4368 1076 4435 causa(
1112 4368 1166 4435 )G
1296 4370 1327 4422 13
1353 4371 1468 4423 inuicem
1487 4387 1558 4426 com-

195 4462 320 4532 passi-](
356 4462 423 4528 )G:
443 4472 525 4511 cetera
544 4458 628 4508 desum
647 4458 715 4508 iat]
814 4458 846 4510 14
864 4458 960 4510 laetum
980 4456 1030 4525 est]
1049 4458 1097 4508 te.
1116 4456 1244 4527 γεγένηται
1343 4458 1374 4511 15
1393 4466 1495 4527 pugnat
1513 4461 1557 4514 Hx

196 4567 285 4619 pugna
305 4550 360 4600 cM
416 4544 424 4559 ⁶
481 4550 597 4615 praestat
615 4544 700 4596 CHM
827 4544 858 4597 18
885 4546 958 4598 uarie
977 4543 1033 4612 cuc]
1050 4545 1214 4610 praesefert.
1232 4547 1277 4596 τοῦ
1297 4544 1464 4603 παντοδαπῶς
1481 4547 1511 4599 τὸ
1530 4548 1558 4600 ἓν

196 4637 302 4690 ἕκαστον
320 4632 461 4704 ἐπιγίνεσθαι
568 4632 599 4685 19
618 4637 680 4685 note
699 4633 865 4701 componenti
884 4632 923 4683 H:
943 4637 1019 4686 nocte
1038 4631 1210 4700 compatienti
1232 4632 1286 4683 OM
1381 4632 1417 4685 20
1435 4638 1558 4689 natrrram

196 4723 378 4792 substituenti]
397 4725 413 4774 i.
426 4741 446 4774 e.
465 4719 602 4792 τὴνφύσιν
621 4719 789 4790 ὑποστήσαντι
895 4719 929 4772 23
947 4720 1174 4774 connaturalitatis
1193 4718 1235 4770 H:
1255 4719 1433 4773 connaturalis
1455 4720 1513 4772 CM

196 4812 229 4864 27
258 4812 384 4865 animalia
402 4811 454 4863 alia
471 4811 531 4860 ordo
550 4811 575 4861 ia
595 4809 624 4859 H
743 4807 775 4860 31
805 4811 1035 4877 congerminantur
1053 4812 1080 4861 et
1097 4807 1258 4872 consistunt]
1274 4825 1363 4874 praece
1381 4810 1440 4870 sort,
1459 4824 1558 4882 coppo·

196 4898 293 4955 τιὺεται
310 4900 354 4954 καὶ
373 4898 514 4953 συνίσταται
