3510 5610
740 295 933 347 PRAEFATIO
1483 304 1512 344 lx

154 467 214 532 sed
238 467 344 550 potius
371 467 426 548 ita,
456 475 489 531 ut
512 467 603 531 initio
632 466 702 532 libri
728 467 812 531 tertii
836 467 996 549 generalis
1020 466 1178 549 quaedam
1202 466 1243 532 de
1265 464 1426 550 ᾠοτοκοῦσι
1452 468 1512 530 dis-

153 587 283 670 putatio
306 586 509 671 significetur,
532 587 583 651 oui
604 586 636 650 in
660 586 754 650 tertio
778 585 859 651 libro
883 585 1010 667 singula
1032 585 1242 667 suceedent.¹)

243 706 385 772 Maxima
408 705 638 790 Exeerptorum
663 724 737 788 pars
760 724 801 769 ex
824 704 1049 787 Aristophanis
1065 705 1211 790 Byzantii
1232 704 1335 770 Zoieis
1358 705 1512 787 originem

155 824 259 907 duxit,
288 825 402 908 quihus
425 825 537 890 addita
559 833 632 889 sunt
655 823 835 905 fragmenta
857 823 992 887 aliorum
1016 825 1103 889 velut
1119 823 1366 906 Agatharchidis
1387 823 1513 888 Aeliani

60 989 65 996 ·
155 942 329 1010 Timothei.
373 945 414 1010 de
437 945 487 1009 his
509 945 655 1028 primum,
678 943 752 1008 dein
775 943 816 1007 de
831 941 1047 1026 Aristophane
1062 942 1231 1007 dicendum
1254 951 1312 1008 est.

245 1062 259 1125 l
301 1063 492 1129 Aelianea
513 1070 570 1127 aut
592 1063 718 1144 integra
740 1068 869 1127 exstant
890 1062 942 1126 vel
966 1068 1001 1124 ut
1023 1061 1140 1144 pusille
1161 1069 1281 1126 novata
1303 1062 1376 1145 sint,
1399 1069 1455 1126 aut
1477 1063 1509 1127 in
1533 1085 1633 1122 lerona

157 1182 381 1265 compendium
402 1192 515 1247 eoaeta
530 1188 611 1246 sunt.
649 1181 706 1245 illa
723 1190 872 1265 corrupto
890 1181 1139 1265 Byzantinorum
1156 1200 1303 1245 sermone
1320 1181 1439 1246 iniecta
1460 1183 1512 1247 vel

159 1300 265 1366 levem
287 1301 518 1366 sententiarum
541 1299 864 1383 transformationem,
888 1307 983 1385 prout
1002 1320 1054 1364 res
1068 1299 1202 1382 serebat,
1225 1307 1359 1383 experta
1374 1310 1447 1365 sunt
1470 1300 1513 1365 ότι

158 1418 384 1484 coniunctione
399 1421 588 1502 plerumque
603 1420 763 1504 praefixa3
785 1421 867 1486 haee
882 1422 963 1486 adeo
980 1420 1157 1502 deeurtata,
1182 1426 1216 1483 ut
1230 1419 1271 1483 de
1284 1419 1417 1486 Aeliano
1433 1421 1513 1485 nihil

160 1546 290 1622 praeter
312 1538 491 1620 argumenti
507 1559 661 1604 summam
682 1542 923 1622 relinqueretur.
962 1540 1022 1603 hoo
1038 1539 1157 1622 duplex
1173 1546 1394 1621 excerptorum
1411 1559 1512 1622 genus

158 1659 235 1725 inde
251 1658 487 1742 explicaverim,
504 1660 589 1741 quod
605 1667 712 1726 aetate
728 1659 978 1743 Byzantinorum
993 1658 1077 1722 duae
1092 1658 1238 1722 Aelianei
1262 1659 1302 1723 de
1317 1666 1433 1723 natura
1447 1660 1513 1723 ani·

159 1778 290 1842 mallum
315 1778 421 1862 operis
444 1779 601 1842 editiones
623 1780 822 1844 exstiterunt.
867 1777 1008 1841 indidem
1030 1776 1110 1839 illud
1131 1796 1257 1859 quoque
1281 1777 1401 1859 derivo,
1428 1779 1511 1859 quod

158 1896 289 1980 saepius
299 1896 347 1961 bis
359 1898 472 1962 eadem
482 1898 608 1962 Aeliani
620 1897 802 1980 fragmenta
811 1895 843 1960 in
856 1896 1023 1978 Exoerptis
1040 1898 1197 1978 leguntur.
1224 1916 1307 1978 quae
1319 1895 1513 1978 adponenda

158 2023 243 2096 sunt,
268 2016 450 2098 priusquam
467 2038 533 2081 rem
557 2018 659 2100 ipsam
676 2018 771 2082 oertis
794 2016 970 2080 rationibus
993 2016 1213 2080 demonstrare
1239 2034 1398 2080 eonemur.

177 2222 233 2273 Ael.
253 2221 290 2274 lx
312 2223 342 2274 15
362 2223 398 2289 (p.
409 2221 469 2281 2⁴23,
479 2222 559 2287 llll.)
696 2224 718 2275 ll
732 2224 765 2275 63
785 2225 821 2291 (p.
834 2222 977 2287 eae-ll)
1152 2221 1175 2272 ll
1189 2220 1224 2271 40
1243 2222 1278 2288 (p.
1292 2220 1334 2284 43,
1345 2222 1456 2288 18--19)

196 2322 342 2393 Ἀνθρώπου
357 2326 382 2378 δὲ
397 2326 482 2378 ἀσίτου
495 2325 578 2396 δηγμα
664 2327 808 2398 Ἀνθρώπου
842 2327 867 2379 δὲ
899 2325 984 2378 ἀσίτου
1016 2326 1044 2377 τὸ
1126 2322 1179 2378 ’Ότι
1188 2323 1323 2394 ἀνθρώπου
1335 2325 1419 2378 ἀσίτου
1429 2325 1512 2395 δῆγμα

161 2410 272 2481 χαλεπὸν
291 2413 334 2464 καί
351 2412 478 2465 δυσίατον
496 2412 578 2481 λέγον·
629 2415 712 2485 δῆγμα
735 2415 843 2484 χαλεπὸν
862 2415 905 2465 καὶ
923 2414 1045 2465 δυσίατον.
1097 2411 1210 2464 δυσίατον
1226 2415 1269 2464 καὶ
1279 2413 1343 2484 ἰχὼρ
1359 2411 1513 2484 ἀνθρώπειος

160 2517 202 2550 ται
230 2498 256 2550 δὲ
284 2500 307 2551 οἱ
331 2497 427 2552 Σκυθαι
456 2501 518 2571 πρὸς
540 2504 579 2569 τῷ
630 2503 742 2572 λέγονται
765 2503 791 2554 δὲ
819 2503 842 2554 οί
866 2500 962 2554 hatten
985 2499 1045 2571 πρὸς
1097 2500 1256 2569 προσεγγίσας
1283 2500 1352 2568 ἄλλῳ
1381 2499 1461 2551 κακόν
1490 2518 1512 2550 τι

161 2584 265 2656 τοξικηῖ,
288 2584 309 2656 ᾤ
328 2588 386 2645 τοὺς
409 2587 506 2644 ὀϊστοὺς
527 2587 578 2639 ἐπι·
629 2595 665 2660 τη]
693 2589 786 2660 roffredi
814 2586 835 2661 qi
864 2591 921 2646 τους
949 2587 1046 2644 δίσκους
1097 2594 1168 2639 ποιεῖ.

159 2672 266 2745 χρίουσι,
274 2675 316 2725 καί
329 2673 486 2744 ἀνθρώπειον
497 2675 579 2746 ίχῶρα
630 2678 725 2748 χρίσυσι
738 2680 781 2729 καὶ
797 2675 952 2747 ἀνθρώπειον
967 2675 1047 2745 ἰχῶρα

159 2759 578 2832 ἀναμιγνδναιφαρμοίσσοντες,ἐπι·
630 2762 1047 2834 ἀναμιγνόναιιραρμάσσοντες,ἐπι-

158 2848 301 2909 πολάζοντό
323 2867 379 2906 πως
400 2848 494 2916 αἵματι,
518 2846 578 2920 ὅπερ
629 2851 769 2912 κολάζονταί
782 2871 837 2909 πῶς
849 2851 944 2918 αἵματι,
962 2847 988 2900 όν
1002 2865 1047 2917 περ

159 2936 239 2987 ἴσασιν
246 2935 373 3007 ἀπόκριμα
380 2935 470 2993 αυτοῖς.
483 2955 576 3005 τεκμη-
631 2939 708 2991 ἴσασιν
715 2938 842 3008 ἀπόκριμα
850 2937 941 2994 αὺτοῖς.
954 2955 1048 3006 τεκμη-

158 3028 248 3090 ριῶσαι
265 3027 340 3074 τοῦτο
359 3025 402 3075 καὶ
420 3020 578 3094 Θεόφραστος
631 3032 717 3098 ριῶσαι
735 3032 808 3078 τοῦτο
832 3026 875 3077 καί
892 3021 1048 3094 Θεόφραστος

158 3110 254 3167 ἱκανός.
630 3112 722 3171 ἱκανός.

177 3283 235 3335 Ael.
253 3283 313 3336 XVI
333 3283 364 3336 27
385 3285 422 3353 (p.
432 3286 563 3350 loelli.)
686 3288 708 3341 ll
722 3289 755 3340 64
775 3289 811 3356 (p.
825 3286 866 3341 52.
876 3286 989 3351 12-24)
1138 3285 1208 3337 1143
1227 3285 1263 3352 (p.
1276 3286 1437 3348 lale-44,
1446 3284 1473 3350 6)

196 3385 373 3459 Ἀγαθαρχίδης
383 3392 458 3460 φησὶν
468 3391 529 3443 εἶναι
539 3393 576 3459 γέ·
659 3390 714 3444 ’Ὁτι
725 3389 906 3461 Ἀγαθαρχίδης
923 3393 998 3461 φησὶν
1013 3392 1044 3442 εί·
1131 3386 1171 3441 Ἐν
1190 3389 1215 3441 δὲ
1229 3388 1310 3460 Αιβὺη
1327 3391 1396 3459 γένος
1415 3388 1511 3459 ἀνθρὼ-

158 3494 201 3533 ee:
226 3477 252 3528 ἐν
275 3480 306 3551 τη
332 3475 412 3547 help
436 3484 512 3530 τινῶν
535 3479 576 3529 ἀν·
629 3498 668 3531 ναι
686 3481 757 3549 γένος
774 3481 799 3531 ἐν
818 3483 849 3549 τῇ
868 3478 948 3549 Λιβδη
967 3486 1044 3532 τινῶν
1097 3496 1151 3528 πων
1175 3477 1240 3528 ἐστὶν
1268 3475 1339 3529 oeteo
1364 3477 1438 3546 ἡμῶν
1462 3475 1512 3528 δια-

157 3562 281 3633 θρώπων.
312 3565 355 3614 καί
374 3567 458 3632 μέντοι
477 3567 576 3617 καὶκα-
628 3566 780 3639 ἀνθρώπων.
798 3568 841 3618 καὶ
852 3569 936 3635 μέντοι
948 3570 990 3620 καὶ
1000 3587 1044 3619 κα·
1096 3567 1178 3636 φέρον,
1197 3564 1226 3615 τὸ
1244 3563 1292 3627 (δὲ)
1311 3570 1384 3631 σῶμα
1403 3561 1471 3622 ξένον
1488 3581 1510 3613 τι

157 3648 254 3703 ’κεῖσθαι
273 3650 362 3709 αὐτοὺς
377 3651 506 3711 Ψύλλους·
533 3655 576 3704 καὶ
628 3653 723 3707 λεῖσθαι
742 3655 832 3712 αὐτοὺς
849 3653 971 3712 *lethem
1003 3656 1046 3706 καὶ
1096 3651 1159 3720 ἔχει·
1187 3653 1219 3702 τὰ
1242 3652 1288 3720 γὰρ
1313 3649 1436 3701 δάκνοντα
1459 3656 1512 3701 τῶν

158 3736 206 3790 ὅσα
224 3739 269 3805 μὲν
282 3740 348 3791 κατὰ
365 3740 408 3791 τὸν
428 3738 504 3790 elam
524 3739 576 3808 βίον
629 3741 673 3795 ὅσα
693 3744 737 3810 μὲν
756 3744 822 3794 κατὰ
839 3742 882 3794 τὸν
902 3741 977 3793 ἄλλον
992 3741 1045 3810 βίον
1096 3737 1192 3809 θηρίων
1220 3737 1290 3789 οὐδὲν
1315 3737 1405 3794 αὖτοὺς
1425 3737 1511 3789 ἀδικεῖ.

157 3833 212 3878 τῶν
234 3825 329 3878 λοιπῶν
357 3824 500 3894 ἀνθρώπων
524 3825 575 3877 δια·
627 3837 679 3882 τῶν
698 3829 792 3882 λοιπῶν
805 3828 948 3899 ἀνθρώπων
961 3827 1044 3898 διαρέ-
1096 3824 1178 3894 ὄφεως
1191 3830 1250 3894 γοῦν
1264 3826 1306 3876 καὶ
1319 3824 1455 3893 φαλαγγίου
1468 3827 1511 3877 καὶ

158 3916 242 3984 φέρειν
265 3913 320 3966 ohel
344 3914 382 3977 ἕν,
404 3913 433 3965 τὸ
457 3913 483 3965 δὲ
501 3919 575 3980 σῶμα
629 3936 663 3988 ρει
687 3917 770 3980 οὐδέν,
793 3916 822 3969 τὸ
845 3916 870 3968 δὲ
894 3922 967 3984 σῶμα
993 3916 1044 3989 ἔχει
1096 3912 1216 3980 σκορπίου
1253 3911 1373 3969 δακόντος
1408 3911 1511 3975 αὖτοῦς,

158 4003 225 4071 ἔχειν
244 3999 311 4061 ξένον
328 4020 356 4053 τε
374 4003 417 4053 καὶ
436 3999 574 4073 παράδοξον
629 4003 696 4064 ξένην
725 4024 751 4057 τε
776 4006 819 4056 καὶ
842 4002 980 4075 ,παράδοξον
1009 4003 1044 4061 ὡς
1096 3999 1175 4050 ἐκεῖνο
1185 3997 1282 4065 μᾶλλον
1301 3999 1335 4056 είς
1350 3998 1511 4069 ἀναισθησίαν

158 4089 196 4146 ῶς
226 4088 286 4159 πρὸς
321 4089 379 4147 τοὺς
413 4088 574 4160 ἑτεροφόλους
627 4093 688 4164 πρὸς
710 4093 767 4151 τοὺς
791 4091 954 4163 ἑτεροφθλους
977 4091 1042 4142 ἀντι·
1095 4085 1428 4139 ὐπνοποιὸνκατολισθοιίνει.
1445 4086 1511 4155 ἐλίγ-

158 4175 365 4247 ἀντικρινόμενον.
405 4178 437 4229 τὰ
464 4179 509 4247 γάρ
537 4195 575 4228 τοι
626 4179 779 4249 κρινόμενον.
815 4182 846 4231 τό
865 4181 968 4249 γάρτοι
989 4179 1042 4247 ζῷα
1095 4190 1167 4243 γουσι
1184 4174 1210 4226 δὲ
1233 4175 1276 4226 καὶ
1298 4176 1330 4225 τὰ
1353 4173 1414 4226 νόθα
1436 4174 1511 4225 τέκνα

159 4265 213 4332 :epa
232 4264 262 4314 τὰ
281 4262 373 4315 δακετὰ
390 4266 434 4315 καὶ
449 4265 480 4316 τα
494 4264 574 4334 ἐγχρί-
626 4269 657 4319 τὰ
667 4268 789 4319 δάκνοντα
805 4268 847 4319 καὶ
860 4268 891 4318 τὰ
901 4266 1042 4336 ἐγχρίιιτον·
1095 4261 1143 4313 ἀπὸ
1153 4268 1205 4313 τῶν
1215 4261 1334 4331 γνησίων·
1348 4262 1512 4332 προσφέρουσι

157 4371 253 4405 morte
271 4351 406 4420 πόμποὶθα
420 4351 479 4404 ὄντα
498 4352 574 4420 μηδὲν
626 4373 657 4406 τα
676 4354 811 4423 πάμπολλα
829 4352 888 4406 ὄντα
903 4353 980 4422 μηδὲν
999 4353 1043 4404 αδ·
1095 4351 1140 4421 γὰρ
1174 4349 1238 4400 αὐτὰ
1266 4355 1317 4407 τοῖς
1345 4348 1441 4419 θηρίοις
1468 4348 1511 4399 καὶ

157 4440 249 4498 αδτοδς
270 4438 361 4508 μόνους
383 4438 489 4491 ἀδικεῖν·
518 4436 575 4492 οὔτε
626 4441 684 4499 τοὺς
697 4442 787 4508 μόνους
797 4441 897 4494 ἀδικεῖν.
917 4438 974 4493 οὔτε
984 4444 1043 4509 γοῦν
1095 4437 1240 4490 δάκνονται·
1260 4437 1302 4488 καὶ
1316 4437 1349 4487 τὰ
1364 4436 1409 4503 μὲν
1423 4436 1511 4504 γνήσια

231 4633 250 4698 ¹)
269 4631 327 4684 Non
346 4631 468 4684 credibile
496 4631 655 4699 Excerptori,
680 4649 738 4684 rum
763 4633 842 4685 libros
867 4634 963 4702 primos
987 4634 1160 4697 componeret,
1183 4629 1264 4680 totius
1287 4627 1371 4695 operis
1395 4626 1510 4678 ordinem

155 4736 210 4773 non
230 4722 294 4772 satis
317 4726 437 4772 accurate
456 4721 619 4772 obversatum
638 4735 701 4771 ease.
737 4737 892 4788 quemqnam
916 4721 944 4771 in
968 4720 1035 4770 hane
1054 4717 1212 4769 sententiam
1235 4716 1307 4767 loeus
1326 4731 1350 4782 p.
1369 4714 1446 4778 ll,14
1465 4715 1510 4766 ad·

156 4807 216 4859 ferri
241 4810 335 4874 petest,
358 4808 404 4858 ubi
423 4806 454 4858 de
472 4808 589 4875 piscihus
613 4809 656 4875 qui
681 4807 831 4877 σελαχῶδεις
854 4809 975 4860 dlrnntnr
1003 4806 1034 4856 ml
1058 4805 1151 4857 librum
1171 4805 1274 4855 tertium
1295 4803 1431 4868 relegatur,
1460 4802 1508 4853 etri

155 4896 271 4947 secundo
290 4910 334 4946 eos
352 4897 404 4953 iem
424 4895 533 4946 infuisse
552 4911 583 4945 ex
605 4895 624 4946 ll
640 4896 655 4945 '2
674 4894 790 4948 discitur.
