3510 5610
206 322 226 385 2
755 322 925 376 νιιιευυινι
944 323 1027 376 Lini

259 491 329 574 ρίοις
343 493 457 568 παθῶν,
481 494 532 557 σῦν
555 495 588 557 δέ
603 493 713 564 τούτοις
735 498 792 557 τῶν
815 495 845 557 ἐν
867 500 927 564 τοῖς
942 498 1073 579 σώμασιν
1095 496 1182 560 εἰδῶν
1197 497 1448 581 ἀντιλαμβάνεται.

259 592 375 680 Πάσχει
411 598 443 659 δέ
476 597 532 658 ὑπδ
559 602 616 660 τῶν
639 597 788 679 αἰσθητῶν
815 597 851 660 τδι
878 598 1055 682 αἰσθητήρια
1087 598 1145 684 οὐχ
1171 602 1211 668 ῶς
1237 600 1273 663 τὰ
1295 599 1412 685 ἄψυχα,
1439 600 1552 675 α’λλδ3

259 700 366 768 ζῶντος
388 702 524 783 σώματος
551 700 583 761 τδ
606 700 710 767 πάθος.
752 700 801 761 διδ
824 698 892 762 υόδέ
920 700 1015 768 πάθος
1039 700 1071 762 τδ
1099 700 1166 763 ὅλον
1194 701 1262 765 οὐδὲ
1284 700 1394 771 ἔξωθεν
1408 704 1512 787 ,πάντη

257 800 332 862 ἀλλὰ
358 802 406 863 καὶ
428 800 491 864 κατ’
519 800 626 864 οἰκείαν
648 800 803 885 ἐνέργειαν·
839 803 887 865 καὶ
909 801 943 864 οδ
965 806 1083 865 κινεῖται
1113 804 1165 887 μὲν
1186 803 1325 890 πρότερον
1347 806 1460 888 ἐνεργεῖ
1478 806 1513 869 δὲ

230 901 389 985 οῦστερον,
417 901 481 966 ἀλλ’
509 903 577 967 οἰνδέ
598 908 716 966 κινεῖται
737 901 813 971 ὅλως
842 904 868 965 εἰ
898 905 938 987 μὴ
962 904 1023 987 ἅμα
1049 907 1098 968 καὶ
1120 905 1265 990 ἐνεργοίη·
1299 906 1333 969 οὐ
1357 908 1414 990 μὴν
1442 906 1513 971 οὐδὲ

257 1003 368 1086 ἐνεργεῖ
394 1005 461 1068 ἄνευ
489 1011 539 1069 τοῦ
568 1007 719 1069 κινεῖσθαι.
763 1007 796 1068 τδ
819 1007 855 1090 δὴ
879 1011 1006 1069 τοιοῦτον
1035 1006 1064 1069 ἐν
1092 1011 1153 1075 τοῖς
1180 1009 1381 1094 αἰσθητηρίοις
1402 1011 1512 1093 κίνημα

258 1104 408 1188 ὁμοιοῦται
430 1113 490 1177 τοῖς
512 1109 664 1191 αἰσθητοῖς
685 1106 788 1171 εἴδεσιν
812 1112 853 1177 ῶς
877 1109 940 1191 ἅμα
962 1106 1009 1170 ὑπ’
1031 1108 1127 1171 αὐτῶν
1150 1133 1181 1172 τε
1202 1112 1251 1174 καί
1273 1111 1346 1174 κατὰ
1368 1111 1420 1195 τῆν
1436 1114 1510 1196 πρδς

258 1206 333 1270 αὐτὰ
355 1216 408 1294 τῆς
430 1215 555 1295 ζωτικῆς
577 1212 606 1273 ἐν
623 1215 665 1296 τῷ
682 1211 865 1296 αἰσθητηρίιρ
889 1211 1046 1295 ἐμφάσεως
1060 1211 1198 1295 διέγερσιν
1214 1211 1402 1296 ἐγγινόμενον.
1438 1210 1504 1277 ἀλλ’

259 1309 440 1376 οὕτωτοῦτο
463 1312 508 1397 (ἡ)
529 1312 676 1396 αἴσθησις,
698 1314 731 1375 τδ
754 1312 784 1374 ἐν
807 1317 849 1397 τῷ
866 1312 1048 1397 αἰσθητηρίῳ
1070 1315 1142 1397 πρὸς
1163 1314 1199 1377 τὰ
1213 1315 1341 1397 αἰσθητὰ
1364 1316 1511 1397 ὁμοίωμα,

218 1429 243 1473 10
256 1414 381 1498 πάθημα
404 1415 435 1479 δν
459 1419 567 1499 μᾶλλον
591 1416 609 1498 ῆ
633 1414 791 1498 ἐνέργημα.
820 1416 868 1478 καί
891 1416 1084 1498 σωματοειδὲς
1110 1417 1159 1479 καὶ
1182 1418 1314 1501 μεριστδν
1337 1420 1385 1481 καί
1406 1418 1508 1504 χρόνῳ

256 1517 508 1601 παρατεινόμενον,
537 1519 585 1582 καί
612 1520 734 1581 σπεῦδον
761 1518 813 1601 μὲν
835 1518 876 1586 εἰς
899 1516 974 1585 εἶδος
1000 1515 1082 1580 οὔπω
1105 1518 1137 1581 δέ
1160 1517 1192 1581 δν
1220 1519 1251 1580 ἐν
1272 1525 1317 1604 τῷ
1344 1520 1415 1583 εῖδει
1437 1518 1504 1584 ἀλλ’

255 1619 285 1682 ἐν
308 1622 417 1702 κινήσει
440 1618 494 1683 ἔτι·
518 1621 537 1702 ἡ
562 1621 594 1683 δὲ
616 1617 751 1704 αἴσθησις
767 1620 931 1705 ἀμερίστως
953 1643 984 1682 τε
997 1621 1050 1703 τὴν
1072 1621 1168 1704 ἀρχὴν
1191 1622 1239 1683 καὶ
1256 1620 1330 1703 μέσα
1353 1624 1400 1685 καὶ
1424 1623 1508 1692 τέλος

254 1726 305 1785 τοῦ
327 1723 469 1807 αἰσθητοῦ
492 1722 708 1806 περιλαμβάνει,
733 1722 782 1783 καί
805 1721 934 1806 ἐνέργειά
955 1721 1016 1784 ἐστι
1039 1723 1088 1784 καὶ
1111 1723 1200 1807 κρίσις
1222 1724 1317 1786 τελεία
1340 1726 1388 1787 καὶ
1411 1726 1442 1787 ἐν
1465 1732 1508 1811 τῷ

255 1828 304 1887 νῦν
327 1824 389 1909 ἅμα
411 1824 475 1908 ὅλη,
499 1825 546 1887 καὶ
569 1824 643 1886 κατὰ
667 1824 699 1885 τδ
723 1823 799 1891 εἶδος
821 1823 878 1908 ήδη
902 1828 952 1887 τοῦ
975 1824 1117 1907 αἰσθητοῦ
1140 1824 1255 1909 ἕστηκε.
1293 1827 1337 1888 διδ
1360 1826 1414 1890 οὐκ
1435 1826 1507 1891 ἄνευ

215 1942 241 1987 15
256 1929 307 2011 μὲν
330 1932 380 1990 τοῦ
403 1926 433 1989 ἐν
453 1932 495 2011 τῷ
510 1925 694 2010 αἰσθητηρίυρ
717 1928 902 2009 παθήματος,
925 1926 959 1989 οὐ
976 1928 1032 2010 μὴν
1056 1932 1140 1990 τοῦτο
1162 1925 1348 2011 ἠαίσθησις·
1372 1928 1441 1991 ὅθεν
1456 1932 1507 1994 καὶ

255 2032 417 2114 πάσχοντες
443 2028 633 2098 καθεῦδοντές
667 2052 697 2091 τε
729 2030 777 2090 καί
804 2028 1025 2112 ἐγρηγοροῦντες
1058 2031 1148 2092 ἐνίοτε
1174 2029 1228 2092 οὐκ
1254 2029 1506 2114 ἐπαισθανόμεθα.

255 2135 300 2195 δεῖ
320 2132 411 2194 τοίνυν
435 2131 507 2213 μετὰ
528 2132 561 2193 τδ
586 2130 710 2212 πάθημα
736 2130 776 2198 εἰς
799 2129 875 2199 εἶδος
897 2132 1089 2215 τελειωθῆναι
1110 2133 1143 2195 τδ
1165 2135 1207 2215 τῷ
1230 2132 1365 2217 αἰσθητῷ
1388 2132 1504 2217 ὅμοιον·

254 2235 329 2298 κατὰ
350 2234 403 2318 γὰρ
426 2235 458 2296 τδ
481 2234 590 2296 τέλειον
612 2232 688 2302 εῖοος
710 2234 729 2314 ῆ
753 2231 889 2317 αἴσθησις
911 2233 1012 2316 ἐπειδή
1035 2234 1132 2318 κρίνει.
1177 2235 1210 2296 τδ
1233 2235 1267 2297 δὲ
1288 2239 1339 2298 τοῦ
1361 2236 1506 2321 αἰσθητοῦ

256 2336 331 2406 εἶδος
352 2341 437 2400 τοῦτο
468 2337 504 2419 δὴ
528 2336 581 2399 οῦκ
607 2335 637 2397 ἐν
664 2340 706 2419 τῷ
734 2335 930 2420 αἰσθητηρίιμ·
964 2338 1090 2420 πάθημα
1111 2336 1164 2420 γὰρ
1191 2338 1240 2400 καί
1267 2337 1373 2420 κίνημα
1400 2339 1505 2403 καὶέν

214 2445 386 2525 νυμερισμῷ
414 2438 477 2502 ἀλλ’
506 2438 559 2502 οῦκ
580 2437 671 2506 εἶδος·
705 2437 739 2500 οῦ
763 2438 820 2520 μὴν
842 2438 911 2501 οὐδὲ
936 2438 966 2500 ἐν
989 2443 1025 2521 τῆ
1050 2438 1175 2521 ἐμφάσει
1201 2443 1254 2520 τῆς
1277 2442 1355 2522 ζωῆς
1381 2445 1418 2524 τῇ
1442 2439 1503 2525 [ἐν]

255 2549 296 2628 τῷ
313 2542 494 2626 αἰσθητηρίιμ
514 2542 573 2603 ἀπδ
596 2545 647 2623 τῆς
662 2545 760 2625 ψυχῆς
783 2538 965 2623 ἐνδιδομένη·
990 2540 1062 2621 μετὰ
1076 2540 1130 2622 γὰρ
1152 2540 1266 2608 πάθους
1280 2543 1327 2604 καὶ
1348 2543 1381 2604 τδ
1400 2544 1508 2627 ταύτης

255 2645 413 2729 ἐνέργημα,
441 2645 489 2707 καὶ
511 2642 604 2706 κοινόν
626 2644 702 2706 ἐστιν
729 2643 838 2725 ἀμφοῖν
860 2644 892 2705 τδ
915 2643 1022 2727 κίνημα
1048 2647 1098 2705 τοῦ
1127 2665 1159 2704 τε
1180 2642 1303 2726 ὀργάνου
1326 2646 1374 2707 καὶ
1397 2650 1450 2728 τῆς
1472 2646 1505 2708 ἐν

254 2747 335 2832 αὐτῷ
359 2751 447 2830 ζωῆς.
492 2742 556 2808 ἀλλ’
585 2745 614 2808 ἐν
642 2749 706 2827 ζωῆ
731 2745 783 2828 μὲν
810 2745 921 2828 δηλαδὴ
949 2746 981 2808 τδ
1009 2745 1084 2813 εἶδος
1110 2741 1177 2807 καθ’
1206 2744 1437 2831 δῆαίσθησις,
1463 2753 1503 2831 τῇ

253 2851 286 2913 δέ
314 2849 376 2913 κατ’
405 2848 547 2931 ἐνέργειαν
576 2848 731 2932 ἱσταμένη,
762 2847 796 2910 οὐ
819 2851 856 2930 τῆ
885 2853 1033 2932 χωριστή,
1067 2846 1142 2910 ἀλλὰ
1167 2851 1205 2929 τῆ
1229 2850 1443 2933 συμπληροόση
1469 2851 1504 2913 τδ

216 2970 242 3014 ‘25
256 2958 334 3040 ζηῖον
349 2957 461 3037 ψυχική
478 2955 553 3033 ζωῆ,
576 2951 675 3033 καὶτῆ
701 2953 809 3032 ζωτικῆ
825 2949 916 3033 αὐτῆς
935 2951 1066 3034 προβολῇ
1088 2953 1126 3032 τῆ
1144 2950 1208 3032 περὶ
1230 2951 1267 3013 τὰ
1288 2954 1411 3033 σώματα
1427 2974 1505 3035 μερι·

255 3056 373 3139 ζομένη.
467 3050 548 3117 Ἀλλ’
570 3052 638 3116 υἰνδέ
659 3057 744 3115 τοῦτο
767 3053 864 3115 ἱκανδν
884 3054 955 3136 πρὸς
978 3055 1029 3135 τὴν
1045 3053 1190 3136 αἴσθησιν.
1226 3053 1258 3115 τδ
1280 3051 1334 3137 γὰρ
1356 3056 1539 3126 τελεωθέντι

253 3160 318 3243 περὶ
339 3158 372 3219 τὸ
394 3157 584 3240 αἰσθητήριον
612 3154 674 3217 κατ’
701 3155 845 3238 ἐνέργειαν
868 3153 957 3225 εἶδος,
986 3155 1038 3219 ἅτε
1060 3156 1124 3238 περὶ
1152 3156 1185 3218 τδ
1207 3158 1294 3238 σῶμα
1318 3154 1504 3239 μεριζόμενον

253 3263 301 3324 καί
323 3261 365 3329 εἰς
387 3260 417 3322 ἐν
440 3259 546 3343 ἀμερὲς
568 3257 621 3321 οῦκ
643 3254 901 3339 ἐπιστρεφόμενον,
929 3257 983 3321 οὐκ
1004 3256 1065 3321 ἔστι
1085 3256 1257 3340 γνωστικόν,
1286 3255 1351 3321 ἀλλ’
1379 3256 1441 3321 ἐστι
1461 3283 1505 3330 τις

252 3363 282 3426 ἐν
308 3367 346 3446 τῆ
369 3365 455 3447 ψυχῆ
478 3358 706 3444 προειλημμένυς
734 3362 792 3420 τῶν
819 3358 969 3441 αἰσθητῶν
995 3359 1079 3442 λόγος
1106 3359 1138 3429 ὃς
1166 3364 1205 3443 ζῆ
1234 3361 1281 3423 καὶ
1303 3359 1371 3423 καθ’
1398 3361 1502 3425 ἑαυτὸν

212 3484 239 3526 νο
252 3468 300 3531 καί
322 3464 356 3528 οὐ
380 3463 467 3548 μόνον
495 3463 556 3525 ἐστὶ
581 3465 632 3524 τοῦ
655 3461 812 3524 συνθέτου·
847 3461 890 3523 διδ
920 3462 968 3524 καί
990 3462 1151 3547 ἀμερίστως
1177 3463 1287 3546 ἐνεργεῖ
1314 3465 1361 3526 καὶ
1383 3462 1504 3547 δύναμις

253 3571 377 3653 ὑπάρχει
405 3573 463 3630 τῶν
492 3566 565 3629 κατὰ
593 3563 681 3647 μέρος
711 3562 792 3644 (ἀλλ’
823 3562 880 3649 οὐχ
908 3566 948 3632 ῶς
974 3563 1004 3627 ἐν
1030 3588 1056 3626 τι
1084 3566 1228 3648 μεριστὸν,
1245 3564 1321 3634 εἶδος
1347 3564 1504 3649 ἐγγίνεται)

251 3671 337 3754 λόγος
358 3693 389 3733 τε
410 3668 594 3753 γνωριστικὸς
623 3671 680 3728 τῶν
708 3666 872 3750 αἰσθητῶν,
902 3666 932 3728 ἐν
958 3670 1043 3751 ψυχῆ
1072 3668 1205 3751 ὑφεστὼς
1227 3666 1290 3730 ἀλλ’
1318 3668 1372 3731 οὐκ
1402 3668 1433 3731 ἐν
1456 3674 1500 3755 τῷ

252 3778 366 3857 σώματι
387 3770 554 3856 ἱδρυμένος,
584 3769 626 3838 εἷς
650 3770 701 3851 μὲν
724 3767 788 3831 ἀλλ’
816 3767 873 3852 οὐχ
900 3770 941 3835 ῶς
962 3769 999 3832 τδ
1019 3768 1129 3851 ἄτομα,
1157 3771 1189 3832 τδ
1211 3771 1244 3833 δὲ
1270 3768 1301 3833 ἐν
1323 3767 1403 3855 ἔχων
1425 3794 1503 3857 περι-

204 3934 601 3950 —..-.—-—-——-——-

199 4034 265 4086 ἳτδ
282 4033 355 4099 (ante
374 4030 472 4101 ἄψυχα)
491 4044 541 4081 om.
560 4044 581 4079 w
600 4043 658 4079 cum
678 4026 792 4081 Usenero
810 4028 875 4080 iius.
895 4028 978 4081 Rhen.
996 4028 1028 4081 N.
1039 4028 1065 4081 S.
1084 4029 1146 4082 XVI
1159 4028 1210 4081 ‘267
1316 4030 1419 4103 ἔμψυχα
1438 4031 1471 4085 Ιιέ

198 4122 214 4175 3
233 4123 315 4173 πάντα
333 4120 445 4172 ΗλίΡθνν
464 4117 585 4185 (Ficinus
604 4117 696 4183 omnia)
811 4114 828 4167 5
847 4115 899 4184 ἅμα
918 4132 940 4167 w
958 4116 1077 4183 (Ficinus
1095 4117 1189 4183 εἰνακθι
1208 4116 1253 4185 μία
1271 4118 1346 4171 codd.
1364 4121 1382 4173 b

199 4210 214 4259 θ
233 4210 328 4278 κίνημα
346 4205 475 4259 ἰδ”ἸΙλΙ“·Ῥ2
495 4204 615 4271 (Ficinus
634 4202 728 4267 νιυιίο);
752 4205 875 4273 κινημένη
896 4204 915 4256 L
935 4210 996 4256 eet.:
1020 4203 1143 4273 κινημινα
1160 4205 1190 4258 b:
1210 4204 1357 4274 κινοῦμενυν
1378 4223 1399 4258 κ

198 4297 213 4347 7
241 4293 379 4365 αἰσθητοῖς]
404 4290 533 4361 αἰσθητῶν
552 4293 581 4345 b:
605 4298 657 4344 τῶν
677 4289 805 4361 αἰσθητῶν
824 4307 845 4341 w
953 4290 968 4342 θ
995 4292 1105 4362 τοῦτοή
1130 4294 1223 4360 scripsi
1248 4292 1318 4360 (coll.
1337 4293 1456 4363 Simplic.
1476 4296 1505 4347 in

199 4386 308 4437 Aristot.
327 4383 358 4434 ιίυ
377 4382 428 4433 An.
450 4379 567 4445 125,37):
586 4378 685 4431 τοῦτων
703 4378 845 4441 ssLinV:
863 4383 937 4431 τοῦτο
956 4379 1078 4433 le‘bw
1185 4378 1336 4450 ὁμοιώματα
1353 4381 1424 4434 L¹i1¹

200 4473 230 4525 ll
256 4468 451 4543 περιτεινόμενον
470 4469 500 4520 L¹
608 4465 683 4535 εἶδος]
703 4466 731 4519 τδ
750 4466 814 4524 εἶδος
833 4483 855 4518 ιν
963 4466 994 4518 12
1018 4465 1065 4535 ἐτι]
1085 4467 1170 4538 ἐτέρου
1187 4468 1274 4520 Mwa
1383 4468 1415 4520 16
1444 4474 1506 4537 post

197 4562 336 4633 πάσχοντες
354 4558 413 4611 add.
433 4557 477 4625 μέν
496 4554 618 4608 llwl‘bw
727 4556 758 4607 18
776 4554 804 4607 τδ
823 4553 860 4622 δὲ]
880 4554 909 4607 τδ
928 4553 959 4606 L¹
1069 4552 1099 4605 19
1118 4552 1233 4613 εἴδουςί)
1331 4554 1366 4607 20
1383 4555 1410 4608 ἐν
1429 4556 1503 4622 (ante

196 4651 233 4716 τῷ
253 4646 419 4717 αἰαθητηρίιρ)
438 4648 543 4699 unc-inis
562 4645 657 4697 inclusi
749 4642 780 4695 21
801 4640 946 4711 ἐνδεδεμένη
967 4657 987 4691 w
1005 4640 1124 4707 (Fieinus
1143 4642 1269 4709 coiliyaeu)
1357 4642 1387 4694 τδ
1406 4641 1502 4713 ταῦτης

197 4736 302 4801 scripsi:
321 4733 438 4802 τοιαῦτης
456 4733 530 4786 codd.
550 4734 580 4786 b:
600 4730 693 4801 ταῦτης
710 4729 739 4782 τὸ
757 4746 779 4781 w
880 4728 913 4781 25
932 4729 1062 4802 προσβολή
1083 4728 1230 4782 11²M²P²bw
1248 4729 1369 4795 (Fieinus
1388 4731 1504 4798 applica-

199 4821 286 4887 mento)
412 4820 446 4873 30
473 4818 562 4889 μόνον]
582 4820 656 4890 μέρος
674 4818 743 4870 coni.
762 4818 886 4869 Wimmer
904 4831 995 4869 comm.
1014 4835 1040 4887 p.
1053 4817 1085 4870 10
1210 4816 1241 4869 31
1272 4816 1357 4887 μέρος]
1376 4817 1406 4869 τδ
1426 4818 1504 4890 μέρος

196 4910 283 4963 Mwa
388 4909 422 4962 32
440 4908 576 4980 γνωστικδς
593 4908 633 4961 bw
738 4902 772 4957 33
790 4903 820 4957 τὸ
837 4903 875 4973 δέ]
893 4903 920 4956 δέ
937 4903 971 4956 L¹
1076 4903 1145 4977 έχων
1164 4902 1197 4956 L²
1213 4919 1248 4955 w:
1266 4904 1326 4974 έχον
1343 4902 1446 4960 ceh'
