3510 5610
385 263 636 320 ARISTOPHANIS
654 262 838 320 HISTORIAE
857 267 1050 324 ANIMALIUM
1069 226 1216 326 Eplccsffl
1234 273 1258 326 11
1279 273 1386 327 1741
1522 278 1563 343 39

262 438 310 500 καὶ
330 438 422 523 ὀρθῆς
444 439 493 502 καί
514 438 620 502 κόλπον
643 440 684 523 μὴ
708 439 845 525 ἐχούσης,
866 442 886 525 ἡ
909 441 1048 513 ἐπάνοδος
1068 469 1086 528 ἠ
1107 450 1165 508 τῶν
1187 446 1283 509 σιτίων
1306 446 1368 511 κατ’
1386 447 1509 512 εδθυπο·

193 627 196 631 Δ
260 539 324 624 ρίαν
346 540 395 603 ἐπὶ
416 543 465 605 τδν
488 539 637 626 στόμαχον
659 541 792 611 εὐκόπως
813 545 1008 629 παραγίνεται·
1043 553 1102 617 τοῖς
1124 549 1156 612 66
1179 546 1296 634 ἔχουσιν
1322 549 1434 634 εὐρείας
1460 551 1509 613 καὶ

259 643 377 712 σκολιὰς
399 644 451 712 τὰς
472 645 580 712 κοιλίας
599 645 633 708 οὐ
657 647 693 730 ῥα
673 645 761 715 αδίως
784 647 882 731 συμβα
883 648 941 711 ίνει.
1024 649 1096 734 (18)
1118 651 1266 738 δτόηειται
1288 653 1320 716 δὲ
1341 654 1373 716 τδ
1396 650 1508 736 ἔντερον

259 748 299 828 τῇ
319 747 413 831 κοιλίη
432 749 549 811 διπλοῦν
564 746 733 832 εἰλιγμένον,
755 749 889 820 ἐπιεικῶς
910 751 1017 815 πλατύ·
1044 754 1109 837 περὶ
1132 754 1164 817 66
1178 760 1229 818 τοῦ
1252 756 1395 838 μεγέθους
1417 755 1506 818 αὐτοῦ

233 847 344 912 οοίνδὲν
365 849 481 935 εἴρηκεν
504 852 520 913 6
540 848 752 935 Ἀριστοτέλης.

343 952 415 1037 (19)
443 950 482 1016 Ἡ
504 953 536 1016 δὲ
557 953 699 1038 λεγομένη
721 956 801 1017 κάτω
824 956 918 1019 κοιλία
940 956 1084 1040 ἐκπέφυκε
1107 959 1159 1043 μὲν
1187 956 1191 1042 ]
1218 960 1252 1023 ἐκ
1275 963 1324 1022 τοῦ
1347 960 1472 1045 ἐντέρυυ,
1485 976 1560 1022 :sssv

258 1055 347 1136 όμοία
367 1055 400 1119 δέ
422 1055 482 1119 ἐστι
504 1061 546 1140 τῷ
570 1058 699 1141 σχήματι
722 1063 758 1141 τῇ
782 1058 858 1142 δοίη·
892 1062 1013 1121 πλατεῖα
1038 1061 1093 1144 γάρ
1115 1061 1175 1125 ἐστι
1201 1063 1250 1125 καὶ
1277 1061 1370 1146 κοιλη.
1414 1064 1447 1126 τὸ
1474 1064 1501 1126 δ’

260 1155 311 1219 ἀπ’
336 1157 426 1242 αὐτῆς
454 1159 525 1243 πρδς
551 1159 603 1242 τὴν
633 1159 716 1243 ἕδραν
744 1160 825 1245 παχδ
852 1162 900 1223 καί
931 1161 1025 1246 βραχὺ
1054 1164 1195 1249 ὑπάρχει,
1225 1165 1241 1228 6
1269 1165 1305 1248 δὴ
1336 1166 1385 1227 καὶ
1415 1166 1506 1251 ἀρχόν

257 1263 388 1324 καλοῦσι.
495 1260 567 1343 (20)
594 1263 627 1325 τδ
657 1262 689 1325 66
719 1261 872 1347 λεγόμενον
899 1263 1035 1326 ἐπίπλοον
1063 1265 1122 1327 α’πδ
1152 1266 1203 1348 μὲν
1230 1271 1282 1350 τῆς
1309 1265 1370 1330 άνω
1397 1269 1505 1338 κοιλίας

219 1378 246 1423 10
258 1362 389 1448 ἤρτηται,
411 1360 526 1426 ἔστιδὲ
548 1364 599 1448 την
622 1364 706 1450 φύσιν
729 1365 804 1449 ὑμὴν
827 1368 1004 1450 πιμελώδης.
1042 1366 1176 1452 ὑπεράνω
1198 1368 1231 1431 δὲ
1252 1372 1310 1432 τῶν
1335 1369 1454 1454 ἐντέρων
1470 1371 1503 1434 τό

259 1465 347 1549 μέσον
372 1465 519 1550 ὑμενῶδές
544 1466 605 1530 ἐστι
630 1468 679 1530 καλ
701 1472 780 1544 πῖον,
802 1467 953 1553 ἐξήρτηται
975 1469 1007 1532 66
1034 1469 1067 1532 ἐκ
1093 1475 1145 1553 τῆς
1173 1473 1300 1557 μεγάλης
1325 1473 1432 1557 φλεβὸς
1457 1474 1505 1536 καὶ
1560 1458 1563 1465 ’

257 1573 310 1652 τῆς
334 1567 515 1653 καλουμένης
539 1568 661 1654 άορτης,
689 1572 738 1633 καί
765 1570 813 1634 διὰ
840 1571 940 1634 τούτου
966 1571 1070 1657 φλέβες
1097 1575 1201 1636 πολλαί
1227 1575 1276 1637 καὶ
1297 1575 1399 1637 λεπταὶ
1421 1598 1505 1639 κατα·
1542 1612 1546 1622 ν

255 1672 379 1735 τείνουσι
401 1672 473 1755 πρὸς
494 1672 547 1754 τὴν
569 1677 627 1734 τῶν
647 1672 769 1757 ἐντέρων
793 1673 886 1759 φύσιν.
923 1673 960 1737 τά
982 1674 1033 1758 μέν
1056 1672 1105 1737 οὖν
1128 1677 1192 1760 περὶ
1214 1677 1262 1739 τὸν
1285 1676 1433 1761 στόμαχον
1456 1680 1504 1741 καὶ

255 1773 393 1857 ἀρτηρίαν
415 1774 463 1837 καὶ
485 1771 527 1836 ἔτι
549 1775 663 1858 περὶ
635 1798 687 1859 την
710 1775 818 1839 κοιλίαν
841 1777 889 1839 καὶ
912 1773 1012 1860 ἔντερα
1034 1781 1161 1840 τοιοῦτον
1184 1775 1318 1863 ἔχειτὸν
1341 1778 1455 1864 τρόπον.

214 1891 241 1935 rs
340 1874 411 1958 (21)
439 1873 533 1939 H66
559 1877 661 1961 καρδία
687 1882 778 1941 κεῖται
805 1879 856 1962 μέν
882 1879 961 1963 παρὰ
986 1880 1206 1964 τδνάριστερδν
1235 1879 1359 1961 μαστόν,
1388 1879 1499 1951 τοῖςδ’

255 1977 392 2050 ἀλλοιςζ
376 1976 462 2063 ζῴοις
485 1978 620 2064 ἐνμέσῳ
642 1984 713 2044 πᾶσι
734 1985 836 2058 κεῖται,
858 1979 920 2045 ἔστι
925 1902 973 2046 ρδέ
996 2002 1029 2045 στ
1031 1981 1230 2066 ρρογγυλωτέα
1210 1988 1309 2046 ατῶν
1324 1982 1431 2060 άλλων,
1454 1987 1502 2049 καὶ

255 2078 319 2166 ἔχει
339 2082 372 2143 τδ
384 2079 445 2266 δῖφ
466 2080 557 2165 αὐτῆς
579 2079 655 2166 έμπρ
656 2083 753 2146 υσθεν.
792 2081 910 2168 έχειδέ
931 2084 961 2147 έν
984 2084 1072 2167 αὐτη,
1095 2084 1177 2169 φησί,
1200 2085 1309 2153 κοιλίας
1329 2090 1414 2169 τρεῖς
1437 2086 1497 2151 ἀλλ’

1082 2211 1123 2250 ων
1150 2210 1202 2270 την
1230 2188 1363 2271 μένμγ
1332 2188 1501 2274 εγίστηνέν

254 2290 313 2354 τοῖς
335 2205 445 2358 δείιοῖςρ,
466 2287 574 2370 τὴνδέ
596 2287 753 2373 ἐλαχίστην
768 2289 798 2352 ἐν
815 2295 874 2360 τοῖς
896 2290 1062 2375 ἀριστεροῖς,
1086 2289 1247 2373 σόμμετρον
1270 2291 1351 2352 66
1325 2314 1376 2374 την
1400 2290 1501 2375 μέσην.

211 2404 241 2448 νυ
254 2388 385 2453 κάτωθεν
408 2388 441 2450 δὲ
462 2387 495 2451 ἐκ
516 2392 569 2472 τῆς
590 2391 781 2475 προσφύσεως
802 2397 855 2477 τῆς
869 2393 986 2476 καρδίας
1007 2392 1081 2456 κατὰ
1103 2393 1154 2475 μὲν
1176 2393 1229 2475 τἠν
1252 2392 1388 2476 μεγίστην
1411 2392 1502 2479 αὐτῆς

200 2664 216 2716 6
239 2664 310 2715 κάτω
327 2657 421 2726 κοιλία]
441 2661 522 2713 Arist.
534 2662 596 2714 hist.
609 2663 688 2715 anim.
700 2661 723 2717 A
735 2665 766 2717 16
785 2682 810 2733 p.
822 2664 931 2718 4951)θῖ
953 2666 969 2736 ἡ
988 2666 1014 2719 66
1032 2668 1104 2718 κάτω
1122 2663 1205 2717 κοιλία
1221 2663 1296 2734 δμοία
1313 2668 1346 2736 τη]
1364 2664 1430 2736 δείφ·
1452 2665 1555 2720 πλατιῖά

199 2769 227 2803 τε
244 2753 289 2820 γάρ
302 2751 361 2816 ἐστι,
379 2754 423 2804 καλ
440 2751 469 2804 τό
487 2751 535 2804 ἀπὸ
553 2749 646 2822 ταίντης
663 2751 724 2820 πρὸς
740 2751 786 2821 τὴν
799 2751 870 2822 ἕδραν
889 2753 957 2822 παχίι
975 2755 1018 2805 καὶ
1033 2751 1114 2823 βραχό
1220 2751 1236 2803 9
1255 2752 1384 2819 ἐπίπλοον]
1403 2754 1483 2806 Arist.
1501 2754 1518 2805 Ι.
1531 2771 1553 2807 c.

199 2855 225 2907 p.
237 2838 346 2891 495629
367 2841 396 2891 τὸ
413 2837 434 2891 δ’
450 2839 567 2892 ἐπίπλοον
584 2840 634 2898 ἀπὸ
653 2840 730 2909 μέσης
747 2844 793 2909 τῆς
812 2839 906 2898 κοιλίας
923 2840 1043 2910 ἤρτηται,
1061 2841 1112 2893 ἐστι
1129 2839 1156 2893 δέ
1173 2840 1220 2910 τὴν
1238 2839 1309 2909 φόσιν
1327 2838 1393 2910 ὑμὴν
1411 2840 1555 2911 πιμελώδης

201 2925 233 2978 10
255 2924 383 2995 ὑπεράνω]
400 2927 481 2979 Arist.
498 2927 515 2979 1.
528 2943 549 2980 c.
569 2942 595 2995 p.
608 2926 717 2980 495b31
742 2925 803 2995 ὺπέρ
822 2926 848 2979 δέ
865 2933 918 2979 τῶν
939 2928 1045 2998 ἐντέρων
1064 2925 1093 2978 τό
1114 2927 1267 2997 μεσιντέριόν
1286 2928 1362 2980 ἐστιν·
1389 2926 1513 2995 δμινῶδες
1531 2926 1550 2981 δ’

199 3012 250 3065 ἐστὶ
266 3017 342 3065 τοῦτο
360 3013 404 3065 καὶ
420 3012 511 3078 πλατό,
529 3015 572 3066 καὶ
591 3020 646 3067 πῖον
664 3015 761 3082 γίνεται.
793 3015 926 3085 ἐξήρτηται
944 3014 970 3067 66
989 3015 1018 3067 έκ
1036 3018 1082 3083 της
1099 3013 1208 3084 μεγάλης
1226 3011 1316 3082 φλεβὸς
1335 3017 1435 3085 καὶτῆς
1453 3015 1553 3087 ἀορτῆς,

200 3101 243 3153 καί
260 3099 292 3153 δι’
307 3100 386 3152 αίντοῦ
404 3099 493 3170 φλέβες
511 3100 600 3154 πολλαὶ
619 3103 664 3154 καὶ
685 3095 775 3153 πυκναὶ
793 3102 978 3154 κατατείνουσαι
996 3101 1175 3166 (κατατείνουσι
1190 3101 1229 3153 1)ι
1251 3101 1283 3153 cf.
1300 3102 1411 3167 Aubcrt)
1429 3103 1489 3174 πρὸς
1506 3104 1553 3174 τὴν

197 3194 247 3240 τῶν
265 3189 372 3259 ἐντέρων
389 3186 456 3241 θίσιν
474 3187 556 3258 (φόσιν
574 3189 663 3254 Ρῦν),
681 3185 778 3241 ἄνωθεν
796 3187 929 3259 ἀρξάμεναι
948 3190 1021 3258 μέχρι
1039 3189 1119 3240 κάτω.
1149 3189 1181 3240 τά
1199 3187 1245 3256 μέν
1264 3187 1308 3240 οὖν
1326 3189 1381 3256 περὶ
1398 3188 1441 3241 τόν
1460 3189 1552 3258 στόμα·

198 3294 242 3345 χον
260 3277 303 3328 καί
320 3276 367 3346 τὴν
384 3277 503 3346 ἀρτηρίαν
520 3274 601 3334 οὕτως
619 3276 679 3346 ἐχει,
697 3276 740 3327 καλ
758 3277 789 3328 τά
808 3278 863 3345 περὶ
881 3277 927 3346 τὴν
945 3274 1040 3328 κοιλίαν
1147 3274 1177 3327 15
1196 3274 1297 3346 καρδία]
1317 3276 1397 3327 Arist.
1413 3276 1431 3328 1.
1444 3293 1467 3328 c.
1481 3273 1504 3329 Α
1516 3278 1548 3329 17

198 3378 222 3430 p.
233 3362 342 3416 496114
365 3369 444 3416 κεῖται
469 3362 495 3416 66
518 3364 564 3433 rip
585 3361 653 3416 θέσιν
676 3365 701 3416 ἐν
719 3363 763 3431 μέν
785 3368 836 3420 τοῖς
857 3360 939 3420 ἄλλοις
960 3363 1027 3414 κατὰ
1048 3362 1123 3430 μέσον
1141 3360 1170 3414 τό
1188 3360 1294 3432 στῆθος,
1318 3361 1362 3414 όσα
1381 3362 1433 3433 ἔχει
1452 3362 1552 3434 στῆθος,

197 3457 246 3508 τοῖς
264 3448 285 3502 δ’
299 3448 441 3520 ἀνθρώποις
459 3451 484 3504 ἐν
502 3458 553 3509 τοῖς
571 3451 705 3522 ἀριστεροῖς
723 3448 826 3520 μᾶλλον,
844 3448 933 3521 μικρὸν
952 3452 997 3518 τῆς
1015 3448 1155 3517 διαιρέσεως
1166 3455 1219 3501 τῶν
1237 3455 1340 3518 μαστῶν
1359 3449 1503 3518 ἐγκλίνουσα
1518 3452 1552 3510 είς

197 3535 239 3589 τὸν
256 3537 382 3609 ἀριστερὸν
400 3537 493 3604 μαστόν
512 3538 587 3607 ἐντῷ
606 3537 658 3590 ἀνω
678 3540 746 3608 μέρει
763 3541 808 3588 τοῦ
826 3534 941 3605 στήθους.
972 3537 1015 3587 καί
1033 3533 1091 3588 οὔτε
1109 3536 1213 3606 μεγάλη,
1231 3536 1299 3589 τότε
1317 3534 1375 3589 δ’λον
1393 3536 1470 3608 αὐτῆς
1488 3537 1551 3597 είδος

198 3623 225 3676 οό
247 3623 377 3694 πρόμηκίς
399 3626 477 3691 ἐστιν,
500 3625 563 3678 ἀλλὰ
585 3624 810 3696 στρογγυλώτερον·
836 3623 901 3693 πλὴν
923 3623 952 3675 τὸ
975 3623 1053 3692 ἄκρον
1071 3623 1104 3680 είς
1123 3622 1166 3684 ὀξὺ
1184 3629 1312 3693 συνῆκται.
1343 3624 1394 3694 έχει
1412 3624 1438 3677 66
1457 3623 1551 3684 κοιλίας

196 3717 273 3781 τρεῖς,
295 3711 379 3782 ιὐσπερ
402 3711 508 3783 ιίρηται,
531 3713 646 3782 μεγίστην
669 3713 714 3781 μέν
735 3713 781 3782 τὴν
804 3712 829 3763 έν
848 3719 898 3770 τοῖς
917 3709 1014 3774 δεξιοῖς,
1038 3709 1170 3781 ἐλαχίστην
1187 3711 1214 3764 66
1231 3713 1278 3782 τὴν
1296 3713 1322 3764 ἐν
1340 3718 1390 3769 τοῖς
1408 3712 1551 3782 ἀριστεροῖς,

197 3801 273 3869 μέσην
291 3799 318 3852 66
335 3796 435 3868 μεγέθει
452 3800 498 3868 τὴν
516 3799 562 3851 ἀνὰ
581 3801 667 3869 μέσον·
693 3801 736 3852 καί
754 3801 812 3853 είσλν
831 3800 865 3858 είς
880 3799 924 3851 τὸν
942 3797 1067 3867 πνεόμονα
1084 3800 1233 3870 τετμημέναι
1250 3805 1333 3851 πᾶσαι.
1364 3799 1505 3869 ἀμφοτέρας
1524 3801 1550 3854 δέ

197 3887 247 3957 ἔχει
264 3888 309 3945 τὰς
325 3886 372 3960 660
390 3889 492 3957 μικράς,
513 3888 557 3939 καὶ
575 3888 610 3945 τίς
627 3887 669 3940 τόν
688 3886 814 3956 πλεύμονα
831 3888 982 3957 τετμημένας
1000 3885 1104 3944 ἀνιάσας.
1137 3886 1276 3957 κατάδηλον
1295 3885 1321 3938 δέ
1339 3887 1405 3938 κατὰ
1423 3887 1480 3954 μίαν
1498 3893 1551 3940 τῶν

197 3973 297 4026 κοιλιῶν
319 3972 435 4027 κάτωθεν
458 3975 488 4026 ἐκ
510 3979 556 4044 της
578 3973 753 4044 προσφίισεως·
778 3976 843 4027 κατὰ
867 3975 911 4043 μέν
933 3975 980 4043 τὴν
998 3973 1115 4042 μεγίστην
1134 3973 1228 4026 κοιλίαν
1246 3973 1379 4044 έξηρτηται
1397 3977 1429 4044 ιη
1447 3975 1549 4045 μεγίστη

196 4060 274 4130 φλεβί,
292 4061 355 4130 πρὸς
371 4061 402 4131 ἣν
420 4061 510 4114 καὶτὸ
528 4061 681 4133 μεσεντέριόν
700 4062 759 4126 έστι,
778 4064 843 4115 κατὰ
859 4062 885 4114 δὲ
902 4062 949 4132 τὴν
967 4062 1046 4130 μέσην
1063 4065 1097 4131 τῇ
1114 4061 1201 4132 &ops-pi.
1232 4061 1333 4132 φέρουσι
1352 4060 1377 4112 δέ
1396 4061 1439 4112 καλ
1457 4061 1491 4119 είς
1505 4062 1549 4114 τὸν

196 4148 321 4217 πλεόμονα
338 4148 411 4218 πόροι
429 4148 480 4202 ἀπὸ
497 4155 543 4219 τῆς
561 4148 670 4218 καρδίας,
689 4150 732 4200 καὶ
750 4148 874 4218 σχίζονται
888 4148 931 4201 τὸν
944 4146 1018 4201 αὐτὸν
1035 4147 1126 4218 τρόπον
1140 4147 1213 4218 όνπερ
1226 4148 1242 4217 ἡ
1255 4148 1367 4218 ἀρτηρία,
1386 4148 1451 4199 κατὰ
1469 4150 1549 4200 πάντα

195 4235 237 4289 τόν
256 4235 383 4305 πλιόμονα
401 4233 647 4306 παρακολουθοῦντες
665 4243 716 4296 τοῖς
734 4236 783 4290 ἀπὸ
801 4241 846 4307 τῆς
865 4236 982 4305 ἀρτηρίας
1091 4236 1122 4287 18
1141 4236 1163 4288 οἱ
1176 4235 1262 4288 πολλοὶ
1274 4235 1368 4304 ἔφασαν
1380 4241 1432 4287 τῶν
1444 4235 1547 4305 ίατμιῖιν]

190 4324 318 4392 ,Ηῖρροεα
334 4324 366 4377 (λυ
384 4324 453 4377 cord.
466 4324 586 4378 148611.
613 4324 779 4378 Aristotelem
798 4323 895 4377 refutat
913 4324 1029 4378 Galenus
1041 4323 1053 4376 1
1066 4322 1116 4375 621
1128 4324 1161 4376 Κ.

195 4583 211 4635 4
228 4580 330 4634 διπλοῦν
343 4581 377 4633 D:
395 4579 490 4633 όιπλοῦν
506 4581 670 4634 scribendum
688 4597 721 4634 cx
732 4580 813 4634 Arist.
902 4580 1068 4650 είλιγμένονΙ)
1157 4580 1173 4632 6
1192 4581 1291 4650 ἐντίμου
1303 4581 1408 4650 scripsi:
1427 4580 1546 4651 ἐτέρουΙ)

198 4669 227 4722 13
245 4668 318 4738 φυσιν
336 4669 372 4721 D:
395 4669 560 4722 scribendum
578 4666 645 4720 θέσιν
663 4685 695 4720 ex
713 4667 794 4722 Arist.
883 4669 914 4722 14
931 4672 1043 4720 τοιοῦτον
1064 4668 1169 4735 scripsi:
1193 4669 1350 4721 τοσουτονί)
1437 4667 1468 4720 15
1486 4672 1548 4720 ants

195 4756 253 4826 ἡδὶ
271 4755 362 4827 καρδία
379 4755 473 4808 lemma
490 4755 610 4825 praefigit
629 4751 766 4824 ΚαρδίαΙ)
875 4755 905 4807 17
929 4754 1006 4824 αὐτῆς
1024 4755 1128 4823 scripsi:
1153 4754 1276 4814 αδτοῖςΙ)
1383 4754 1414 4806 18
1437 4755 1484 4825 την
1502 4755 1547 4821 μέν

195 4844 309 4916 μεγίστην
327 4844 430 4912 scn'psi:
455 4842 485 4898 τὸ
503 4842 548 4911 μέν
566 4842 687 4912 μεγίστοις
705 4843 726 4897 D
833 4842 867 4898 20
891 4841 1052 4914 προσφίνσεως
1069 4842 1163 4913 scripsi
1181 4859 1213 4895 cx
1231 4843 1324 4896 Arist:
1348 4841 1445 4913 φόσεως
1463 4843 1485 4895 D
