3510 5610
265 313 305 378 78
420 315 668 370 ARISTOPHANIS
686 316 868 369 HISTORIAE
888 315 1078 370 ANIMALIUM
1098 312 1246 369 ΕΡΙΤΟλίΕ
1264 315 1289 368 11
1311 286 1456 397 169-115

317 487 337 569 i]
361 486 393 548 δὲ
415 489 520 572 θήλεια
541 489 575 551 οὐ
598 511 619 551 κε
639 493 735 553 πᾶσαν
758 491 848 573 ὥραν,
870 489 945 552 ἀλλὰ
959 489 1011 572 τήν
1028 493 1081 572 τῆς
1096 489 1274 573 σκυζήσεως.
1305 484 1377 551 1ὀταν
1390 484 1426 550 ’δ’
1444 487 1571 572 ἄρχηται

318 593 433 669 σκυζᾶν,
456 592 475 673 ἡ
499 590 551 672 μὲν
573 591 657 674 φύσις
679 590 754 675 αὐτῇ
778 594 891 670 διοιδεῖ,
919 592 955 655 τὰ
976 591 1009 654 δὲ
1031 592 1195 674 καταμήνια
1216 592 1263 676 βεῖ
1282 590 1331 653 ἐπὶ
1353 590 1425 653 ἑπτὰ
1447 591 1569 674 ἡμέρας.

316 689 378 753 εἶτα
405 693 478 775 μετὰ
504 694 608 761 ταύτας
633 692 724 763 άλλας
750 695 824 758 ἑπτὰ
846 697 950 778 σκυίᾷ.
995 692 1108 776 λέγεται
1131 694 1163 756 δὲ
1186 696 1228 763 ὡς
1249 694 1521 777 πολυδρομήσαντες
1542 694 1571 756 οί

317 793 399 861 κύνες
420 780 500 881 πολύ
517 799 626 877 μᾶλλον
653 796 875 882 ὀχευτικώτεροι
896 797 1029 879 γίνονται.
1130 794 1223 878 (170)
1250 796 1312 864 κύει
1335 796 1367 859 δὲ
1389 800 1483 880 μῆνας
1504 795 1572 859 δύο·

289 895 400 960 στίκτει
423 897 512 961 δὲτὰ
535 901 656 962 πλεῖστα
678 901 807 975 δώδεκα,
835 900 883 962 καί
909 898 947 962 τὰ
971 898 1026 982 μὲν
1048 902 1151 982 πρῶτα
1173 898 1247 962 κατὰ
1268 900 1318 961 τδν
1341 897 1451 982 πατέρα
1474 896 1572 982 ύμοια,

316 999 351 1062 τὰ
373 1000 405 1063 δὲ
420 1000 524 1085 ύστερα
546 999 610 1064 κατ’
630 1000 731 1086 αὐτήν.
765 1003 914 1066 κατέδεται
935 1000 994 1085 <δὲ>
1016 1001 1049 1064 τδ
1069 999 1170 1085 χόριον
1192 998 1306 1079 εὐίὲως
1327 1002 1392 1085 πρὶν
1414 1001 1503 1085 ήτῆς
1516 1006 1572 1085 γῆς

316 1102 417 1184 θιγεῖν.
514 1104 607 1186 (171)
634 1104 733 1189 ὀχεύει
755 1105 788 1168 δὲ
813 1105 861 1167 καὶ
884 1104 1019 1189 ὀχεύεται
1045 1104 1061 1166 ύ
1085 1103 1162 1167 κύων
1189 1105 1236 1167 ἐπί
1260 1103 1308 1166 τδν
1330 1107 1383 1166 τού
1405 1107 1458 1188 ζῆν
1480 1103 1571 1167 αὐτοῦ

316 1192 430 1289 χρόνον.
508 1207 602 1289 (172)
623 1205 744 1293 ὀίρχεται
767 1207 799 1270 δὲ
814 1208 846 1270 τδ
863 1206 966 1276 σκέλος
981 1205 1070 1291 αἴρων
1093 1204 1187 1289 οὐρεῖν
1202 1205 1355 1289 γενόμενος
1373 1205 1570 1290 έξαμηνιαῖος·

316 1309 335 1390 ἡ
362 1309 395 1371 δὲ
421 1309 527 1393 θήλεια
549 1308 648 1373 διόλου
671 1308 825 1394 καθημένη
849 1308 937 1393 οὐρεῖ.
1037 1308 1131 1392 (173)
1161 1309 1320 1393 ἀποβάλλει
1346 1309 1378 1372 δὲ
1398 1296 1482 1372 ’κύων
1504 1308 1573 1379 τούς

278 1425 304 1470 10
317 1411 513 1494 καλουμένους
534 1412 706 1482 κυνύδοντας
727 1411 880 1496 γενόμενος
902 1414 1134 1495 τετραμηνιαῖος·
1163 1413 1317 1495 γηράσκων
1340 1413 1372 1474 δὲ
1395 1411 1573 1495 ύπομελανοῖ

315 1513 381 1582 τούς
403 1513 521 1585 ὀδόντας
543 1517 591 1578 καί
611 1516 732 1602 ἀμβλεῖς
755 1519 846 1579 ποιεῖ·
881 1512 950 1577 ὅθεν
973 1515 1021 1577 καὶ
1043 1515 1261 1596 διαγινώσκεται
1287 1515 1303 1576 ύ
1327 1513 1390 1583 νέος
1416 1513 1496 1598 παρὰ
1521 1514 1571 1576 τὸν

314 1617 433 1701 γέροντα
461 1616 491 1679 ἐν
518 1621 561 1701 τιγῖ
587 1617 707 1687 λευκούς
734 1618 782 1680 καί
809 1617 884 1686 ὀξεῖς
910 1616 929 1700 ἢ
957 1617 1050 1685 λείους
1078 1617 1125 1679 καὶ
1153 1616 1275 1702 αἰμβλεῖς
1301 1613 1380 1701 ἔχειν
1404 1615 1470 1684 τούς
1492 1615 1572 1679 ὀδόν·

316 1743 375 1788 τας.
470 1720 564 1802 (174)
591 1721 646 1784 είσὶ
672 1721 705 1783 δὲ
731 1725 790 1782 τῶν
816 1726 909 1783 κυνῶν
936 1720 966 1783 αί
994 1718 1046 1802 μὲν
1069 1719 1209 1782 Λάκαιναι
1236 1719 1355 1803 θήλειαι
1380 1717 1572 1803 εὐφυέστεραι
1620 1743 1623 1747 ·

318 1827 375 1885 τῶν
398 1823 525 1906 ἀρρένων
548 1823 622 1886 κατὰ
643 1823 697 1906 τὴν
720 1823 828 1907 θήραν·
859 1824 1121 1907 ὀσφραντικύτεραι
1143 1823 1207 1906 γάρ.
1244 1826 1303 1884 τῶν
1326 1822 1358 1885 δὲ
1382 1820 1571 1885 Μολοττικῶν

277 1941 304 1985 15
316 1929 410 1988 κυνῶν
433 1925 467 1988 ἐκ
488 1929 539 1988 τοῦ
562 1925 698 1988 ἐναντίου.
786 1925 879 2008 (175)
908 1925 1020 2007 λέγεται
1042 1925 1074 1987 δὲ
1096 1925 1144 1987 ἐπί
1166 1928 1301 1987 τοσοῦτον
1325 1924 1514 2008 ὀσφραντικδν
1537 1924 1570 1987 τδ
1613 1982 1625 2009 ι
1679 1931 1683 1937 ’

320 2034 398 2115 ζῷον
423 2027 510 2102 εἶναι,
535 2027 612 2091 ὥστε
634 2029 682 2090 καί
702 2027 797 2112 ’κρέως
819 2029 975 2111 ὁμογενοῦς
997 2027 1087 2090 ὀπτοῦ
1110 2027 1129 2110 ἢ
1153 2027 1247 2113 ἑφθοῦ
1269 2026 1507 2111 παραβληθέντος
1529 2027 1571 2110 μὴ

264 2282 299 2343 ὡς
319 2285 359 2337 ἐπὶ
378 2283 406 2336 τό
425 2283 488 2336 πολύ
502 2319 509 2333 .
522 2320 529 2333 .
543 2319 549 2333 .
563 2284 672 2337 574b14
690 2285 781 2353 γίνεται
799 2284 825 2337 δὲ
844 2290 945 2354 σημεῖον
963 2285 1007 2336 καί
1024 2283 1083 2337 ὀταν
1099 2285 1198 2355 ἡλικίαν
1216 2284 1295 2355 ἔχωσι
1313 2288 1358 2337 τού
1371 2280 1517 2354 ὀχεύεσθαι·
1540 2258 1626 2353 ὥσπερ

261 2374 309 2442 γὰρ
327 2378 378 2430 τοῖς
395 2369 544 2442 ἀνθρώποις,
564 2372 603 2424 ὀπί
620 2378 674 2429 ταῖς
691 2369 781 2441 θηλαῐς
794 2379 844 2425 τῶν
863 2379 966 2441 μαστῶν
979 2373 1110 2441 ἐπιγίνεται
1126 2373 1250 2443 ὀνοίδησίς
1261 2391 1297 2431 τις
1315 2373 1359 2425 καλ
1376 2371 1480 2442 χόνδρον
1500 2369 1626 2441 ίσχουσιν·

264 2459 293 2513 οὐ
311 2460 362 2529 μήν
380 2458 432 2512 ἀλλ’
445 2459 516 2531 έργον
535 2459 570 2528 μή
589 2456 689 2528 συνήθει
708 2457 760 2511 ὀντι
777 2463 857 2512 ταῦτα
874 2459 1045 2529 καταμαθεῖν·
1068 2460 1096 2513 ού
1116 2461 1161 2530 γὰρ
1181 2460 1233 2532 ἔχει
1252 2457 1357 2528 μέγεθος
1375 2457 1449 2511 οὐθὲν
1466 2457 1497 2510 τὸ
1515 2465 1626 2528 σημεῖον.

263 2551 296 2618 τη
319 2548 364 2616 μὲν
386 2546 429 2600 οὐν
450 2546 539 2617 θηλείφ
561 2551 636 2599 τοῦτο
660 2547 799 2616 συμβαίνει,
821 2552 860 2618 τῷ
880 2547 899 2600 δ’
916 2548 998 2618 ἄρρενι
1019 2546 1092 2600 οὐθὲν
1109 2547 1214 2600 τούτων.
1246 2547 1277 2601 ef.
1296 2548 1377 2600 Arist.
1389 2533 1451 2599 hist.
1463 2546 1543 2598 anim.
1557 2543 1580 2598 Z
1595 2544 1627 2598 18

264 2650 290 2703 p.
303 2634 412 2688 572b26
434 2634 535 2704 ἔπαρσις
552 2634 597 2702 μέν
615 2633 659 2685 ούν
676 2641 727 2692 τοῖς
744 2633 845 2704 θήλεσιν
864 2636 982 2704 ἐγγίνεται
999 2642 1052 2688 τῶν
1069 2634 1179 2699 αίδοίων,
1201 2634 1260 2688 όταν
1278 2633 1339 2703 πρὸς
1355 2633 1402 2703 τήν
1420 2633 1505 2704 ὀχείαν
1523 2632 1627 2703 ὀργῶσι,

265 2723 308 2775 καί
326 2721 429 2792 ύγρασία
442 2724 503 2793 ’περὶ
520 2719 563 2773 τὸν
581 2721 656 2773 τόπον
745 2721 761 2774 3
779 2720 1021 2792 πολυδρομήσαντες]
1040 2724 1097 2776 Λολ.
1110 2728 1164 2775 nat.
1177 2724 1258 2775 anim.
1270 2723 1307 2776 IV
1318 2721 1353 2774 40
1372 2724 1408 2789 (ρ.
1421 2720 1504 2786 98,1·2
1521 2708 1626 2784 Horeb.)

265 2809 368 2880 δραμὼν
386 2809 412 2863 δέ
432 2810 472 2863 ἐπὶ
489 2807 564 2861 πλέον
582 2808 673 2879 λάγνης
691 2809 790 2879 γίνεται,
810 2811 877 2879 φασί.
909 2810 942 2863 εί.
960 2812 1041 2863 Arist.
1055 2811 1115 2863 hist.
1128 2810 1207 2862 anim.
1220 2807 1242 2862 Z
1254 2808 1288 2861 20
1306 2824 1331 2875 p.
1343 2808 1452 2861 5741228
1472 2807 1533 2861 ίόιον
1550 2805 1570 2860 δ’
1586 2808 1628 2860 έπλ

265 2903 317 2950 τῶν
335 2897 493 2951 Λακωνικῶν
513 2896 642 2965 συμβαίνει
659 2894 753 2955 πάθος·
779 2898 929 2967 πονήσαντες
947 2899 992 2968 γὰρ
1012 2897 1106 2966 μᾶλλον
1124 2896 1239 2950 δύνανται
1261 2894 1356 2965 ὀχεύειν
1373 2895 1389 2964 ή
1408 2895 1539 2964 ἀργοῦντες

267 2987 284 3038 4
307 2984 373 3054 κύει]
392 2986 472 3038 Arist.
489 2985 506 3037 ί.
519 3001 541 3037 ο.
555 2981 576 3037 E
589 2985 620 3037 14
638 3000 664 3052 p.
678 2982 768 3036 545b6
791 2983 844 3036 κύει
866 2983 885 3036 δ’
901 2985 1022 3053 ἐξήκοντα
1045 2987 1089 3039 καί
1111 2986 1169 3054 μίαν
1190 2983 1206 3055 ή
1226 2985 1269 3037 καί
1290 2983 1334 3037 δύο
1356 2982 1372 3054 ή
1395 2989 1461 3055 τρεῖς
1481 2982 1577 3052 ἡμέρας
1596 2972 1627 3035 τύ

270 3072 441 3142 μακρότατον·
466 3071 569 3126 ἔλαττον
590 3070 654 3123 δὀὐ
675 3071 744 3142 φέρει
764 3076 816 3123 τῶν
839 3070 951 3143 έξήκονθ
968 3073 1082 3144 ἡμερῶν,
1105 3072 1157 3126 ἀλλ’
1173 3073 1203 3125 ἅν
1221 3091 1245 3125 τι
1267 3074 1311 3125 καί
1333 3073 1447 3141 γένηται,
1469 3069 1517 3122 οὐκ
1540 3070 1627 3141 έκτρέ·
1699 3076 1703 3085 ”

267 3178 339 3230 φεται
360 3160 395 3219 είς
418 3159 488 3219 τέλος
629 3159 645 3212 5
667 3157 757 3227 τίκτει]
778 3158 860 3212 Arist.
880 3159 897 3211 l.
911 3174 933 3211 c.
946 3156 968 3212 Z
982 3158 1016 3212 20
1036 3176 1061 3228 p.
1075 3160 1186 3214 5741224
1208 3161 1287 3213 τίκτει
1308 3159 1335 3212 δέ
1355 3158 1426 3211 κύων
1448 3156 1572 3210 σκυλάκια
1593 3157 1628 3210 τὰ

266 3247 368 3301 πλεῖστα
387 3247 495 3312 δώδεκα,
514 3246 550 3306 ὡς
567 3245 586 3299 δ’
600 3246 640 3299 ὀπὶ
657 3247 686 3299 τὸ
705 3245 768 3299 πολὺ
787 3247 859 3299 πέντε
878 3244 894 3316 ή
914 3245 952 3307 ἕξ·
974 3247 1021 3318 ήδη
1041 3248 1067 3301 δέ
1085 3249 1129 3300 καί
1144 3247 1170 3300 ἓν
1188 3247 1259 3300 ἔτεκέ
1277 3266 1325 3306 τις·
1347 3247 1372 3299 αἱ
1390 3246 1417 3298 δέ
1429 3243 1577 3299 Λακωνικαί
1589 3243 1628 3303 ὥς

266 3336 307 3388 ἐπὶ
324 3335 354 3388 τό
372 3335 435 3388 πολύ
454 3334 525 3387 ὀκτύι
613 3336 657 3387 καί
674 3334 706 3386 τὰ
725 3335 769 3401 μὲν
785 3333 889 3404 πρῶτα]
909 3334 941 3386 ci.
959 3335 1015 3387 Λολ
1028 3340 1083 3387 ποί.
1096 3337 1176 3388 anim.
1189 3335 1257 3389 1X5
1277 3337 1312 3403 (p.
1326 3333 1465 3399 219,11-
1475 3334 1506 3385 14
1521 3331 1626 3396 Herch.)

267 3421 283 3474 6
306 3420 447 3490 κατέδεται]
467 3423 563 3475 similia
580 3421 733 3475 Aristoteles
756 3422 787 3474 de
810 3437 876 3490 equo
899 3421 963 3474 dicit
985 3423 1013 3474 in
1031 3423 1098 3475 Hist.
1114 3423 1194 3475 anim.
1209 3420 1231 3475 Z
1245 3422 1278 3475 2⁴2
1300 3440 1325 3491 p.
1338 3420 1428 3475 {mar
1452 3425 1477 3474 et
1501 3420 1532 3473 de
1551 3434 1627 3472 cerro

267 3506 307 3563 15
325 3525 350 3578 p.
364 3509 471 3563 611·18
615 3509 631 3559 ’ί
654 3507 747 3581 ὀχεύει]
768 3511 847 3562 Arist.
859 3510 920 3562 hist.
933 3511 1013 3562 anim.
1026 3507 1049 3562 Z
1063 3509 1097 3562 20
1117 3527 1143 3578 p.
1155 3509 1262 3564 5741227
1289 3507 1419 3580 ὀχεύονται
1439 3505 1462 3560 δ’
1482 3508 1507 3560 αἱ
1528 3504 1628 3578 θήλειαι

144 3654 150 3667 ,
267 3599 310 3650 καί
328 3595 457 3668 ὀχεύουσιν
475 3597 499 3650 οἱ
517 3596 616 3669 ἄρρενες
634 3596 682 3656 ἕως
701 3597 730 3650 ὀν
749 3597 823 3658 ζῶσιν
929 3597 945 3650 8
969 3585 1085 3668 ἄρχεται]
1103 3598 1183 3650 Arist.
1202 3598 1218 3650 l.
1233 3614 1255 3650 c.
1274 3613 1299 3664 p.
1312 3596 1422 3649 574b19
1443 3579 1475 3648 τὸ
1493 3595 1520 3647 δέ
1538 3593 1629 3654 σκέλος

267 3683 377 3755 αἴροντες
394 3683 506 3754 οὐρούσιν
528 3685 550 3737 οἱ
572 3685 670 3754 ἄρρενες
691 3683 726 3744 ὡς
747 3686 792 3753 μέν
814 3685 854 3737 ἐπὶ
870 3684 901 3738 τὸ
919 3684 982 3738 πολὺ
1000 3684 1059 3738 όταν
1078 3683 1195 3755 έξάμηνοι
1213 3683 1286 3736 ὦσιν·
1311 3688 1408 3737 ποιοῦσι
1426 3682 1453 3736 δέ
1470 3700 1534 3740 τινες
1551 3684 1628 3735 τούτο

267 3772 311 3825 καί
329 3770 439 3842 ὕστερον,
456 3772 505 3843 ήδη
519 3772 657 3843 ὀκτάμηνοι
670 3771 747 3837 ὀντες,
765 3772 938 3843 καὶπρότερον
955 3771 972 3843 ἠ
992 3771 1121 3842 έξάμηνοι·
1144 3771 1179 3830 ὡς
1197 3773 1243 3844 γὰρ
1255 3772 1342 3830 ἁπλῶς
1360 3772 1444 3835 είπεὶν,
1463 3769 1521 3823 ὀταν
1534 3768 1629 3840 ἰσχύειν

268 3859 400 3930 ἄρξωνται,
418 3860 480 3914 αὐτὸ
499 3864 617 3914 ποιούσιν.
648 3860 674 3912 αί
692 3859 718 3913 δὲ
736 3858 835 3929 θήλειαι
852 3866 928 3913 πᾶσαι
947 3859 1111 3929 καθεζόμενοι
1129 3859 1242 3931 οὐροῦσιν
1344 3859 1359 3909 0
1379 3857 1526 3927 ὀποβαλλει]
1545 3858 1629 3911 Arist.

267 3949 286 4000 1.
299 3965 322 4000 ο.
339 3964 365 4016 p.
377 3948 469 4002 575·5
488 3946 588 4006 ὀδόντας
606 3947 632 3999 δὲ
650 3946 720 3999 κύων
739 3947 768 4000 οὐ
788 3947 872 4017 βάλλει
889 3947 955 4018 πλήν
969 3948 1026 4006 τούς
1044 3947 1213 4015 καλουμένους
1231 3947 1392 4005 κυνύδοντας·
1414 3945 1516 4004 τούτους
1533 3943 1554 3998 δ’
1569 3944 1630 3998 όταν

269 4035 315 4088 ὦσι
333 4037 494 4105 τετράμηνοι,
512 4034 606 4105 δμοίως
623 4035 651 4087 αί
666 4055 694 4088 τε
712 4035 810 4105 θήλειαι
831 4038 874 4089 καί
892 4036 914 4088 oi
933 4037 1031 4108 ἄρρενες
1043 4071 1050 4085 .
1064 4071 1070 4084 .
1084 4072 1091 4084 .
1104 4037 1148 4094 τὰς
1165 4034 1185 4089 δ’
1201 4035 1298 4105 ἡλικίας
1317 4036 1346 4088 ἐκ
1365 4041 1421 4106 τῶν,
1439 4033 1548 4087 ὀδόντων
1569 4049 1629 4087 σκο·
1690 4074 1702 4095 .

268 4128 367 4175 ποῦσιν·
391 4123 414 4176 οἱ
436 4125 481 4193 μὲν
504 4124 549 4194 γὰρ
571 4124 622 4175 νέοι
644 4122 748 4181 λευκοὺς
770 4125 813 4176 καί
836 4123 899 4184 ὀξεῖς
921 4123 1032 4195 ἔχουσιν,
1056 4125 1078 4176 οἱ
1101 4123 1127 4176 δέ
1149 4123 1308 4194 πρεσβύτεροι
1329 4122 1437 4193 μέλανας
1454 4121 1497 4173 καί
1516 4119 1629 4191 ὀμβλεῖς.

269 4210 301 4262 εί.
320 4211 398 4264 Arist.
415 4212 433 4263 l.
447 4208 579 4278 c.B2p.
594 4210 694 4263 501b5.
721 4212 778 4263 Λολ.
792 4215 845 4263 nat.
859 4213 938 4264 anim.
951 4211 1033 4263 1V40
1052 4213 1087 4278 (p.
1100 4210 1182 4275 98)ss
1201 4212 1304 4275 Herch.)
1409 4209 1445 4271 13
1469 4208 1526 4277 είσί]
1546 4209 1628 4261 Arist.
1667 4230 1676 4251 ν

268 4298 286 4350 l.
297 4315 320 4352 ο.
333 4295 367 4351 11
388 4314 415 4366 p.
428 4299 535 4352 608227
556 4299 581 4351 αἱ
600 4297 723 4350 Λάκαιναι
741 4298 813 4358 κύνες
832 4299 857 4352 αἱ
875 4298 972 4368 θήλειαι
990 4297 1149 4367 εὐφυέστεραι
1167 4304 1219 4350 τῶν
1237 4300 1347 4371 ἀρρένων
1366 4298 1426 4352 είσίν
1538 4296 1570 4350 15
1588 4295 1629 4351 λέ-

268 4386 347 4455 γεται]
367 4386 423 4439 Λεί.
436 4391 490 4439 nat.
502 4387 581 4438 anim.
594 4386 630 4439 IV
640 4386 675 4438 40
694 4389 729 4454 (p.
743 4386 827 4452 98,14
845 4387 948 4450 Herch.)
971 4384 1063 4456 εὐρινος
1086 4386 1112 4439 δέ
1137 4386 1202 4438 ἐστιν
1224 4384 1305 4445 ούτως
1328 4386 1364 4446 ὡς
1386 4383 1481 4457 μήποτ’
1497 4383 1527 4437 ἂν
1549 4381 1628 4437 ὀπτοῦ

269 4475 366 4526 κυνείου
378 4475 460 4544 κρέως
472 4472 528 4544 μηδ’
541 4473 571 4525 ἅν
589 4474 710 4544 καρυκείφ
727 4477 761 4545 τῇ
773 4474 943 4545 ποικιλωτάτη
962 4476 1006 4527 καί
1021 4474 1179 4544 δολερωτάτη
1198 4473 1442 4545 καταγοητευθέντος
1459 4460 1594 4544 γεύσασθαι

272 4716 283 4767 l
307 4719 367 4782 post
385 4713 414 4767 οὐ
432 4714 566 4767 intercidit
583 4716 654 4775 velut
672 4704 800 4787 προσίεται
815 4714 856 4768 vel
874 4717 964 4785 πάσχει
1076 4716 1092 4768 2
1114 4716 1198 4771 διοιδεῖ
1215 4718 1319 4786 scripsi:
1343 4715 1418 4770 διϋδεῖ
1434 4715 1457 4768 D
1564 4714 1579 4767 6
1601 4714 1628 4768 δέ

270 4803 372 4855 addidi:
395 4801 492 4855 κατέδει
510 4802 536 4855 δέ
556 4804 624 4856 coni.
640 4804 711 4857 Diels
822 4803 853 4856 13
874 4801 1033 4875 εὐφυέστεραι
1051 4805 1156 4872 scripsi:
1179 4805 1366 4877 ὀρυέστεραιί)
1475 4803 1506 4856 14
1529 4802 1629 4871 μολοτι·

270 4896 325 4959 κῶν
343 4891 365 4944 D
491 4890 522 4944 16
545 4887 624 4962 ἑφθοῦ
642 4892 665 4943 Ι)
1515 4926 1518 4933 .
