3524 5596
642 352 852 408 SOLUTlONES
870 355 917 409 AD
937 355 1116 410 cnosuouu
1516 356 1556 422 87

256 531 306 588 tus
328 525 373 589 ita
394 531 430 589 nt
453 531 484 589 et
506 527 662 610 quandam
686 535 805 612 partem
828 529 957 614 arripiat
980 529 1083 606 nullia,
1119 549 1153 592 eo
1181 528 1262 612 quod
1291 550 1351 593 uon
1378 536 1507 613 possunt
1524 545 1570 602 575

200 692 205 701 ,
256 648 328 690 asc
351 627 486 691 inuicem
508 631 669 713 segregari.
715 632 868 715 perhanc
891 632 984 715 igitur
1010 632 1200 696 collisionem
1228 639 1352 695 euectus
1382 633 1506 717 oblique
1520 650 1548 692 ao

253 729 286 792 in
314 735 428 794 terram
460 732 567 812 fertur,
601 741 633 796 ct
665 754 744 817 quae
778 740 944 798 mouentur
970 736 1009 798 ab
1037 756 1071 798 eo
1098 740 1282 798 conuertens
1314 733 1347 797 in
1376 735 1508 800 circuitu

256 838 372 895 mouet.
417 840 578 918 propterea
605 835 700 898 ctiam
725 857 817 920 saepe
845 844 1027 901 conuertens
1055 837 1206 920 quaedam
1234 857 1340 900 corum
1368 858 1447 920 quae
1474 839 1507 902 in

227 941 337 999 eterra
360 956 414 999 sen
436 936 469 998 iu
492 936 571 999 mari
593 943 666 1000 sunt
689 937 722 999 in
745 938 843 1002 altum
865 940 1018 1021 subleuat,
1042 940 1160 1003 exitum
1180 960 1241 1002 uon
1265 939 1450 1004 inuenicudo
1474 941 1507 1005 in

256 1060 288 1101 se
310 1038 412 1122 ipsum
435 1037 549 1102 iterum
572 1040 741 1103 rcllcctens.
785 1040 868 1104 unde
891 1063 929 1105 ex
952 1043 1031 1106 mari
1052 1062 1142 1125 saepe
1165 1041 1290 1124 quidem
1319 1064 1432 1125 aquam
1454 1043 1506 1106 ab·

255 1141 380 1219 strahit3
404 1141 467 1204 iam
489 1162 563 1205 ucro
586 1141 630 1204 ibi
653 1163 748 1206 naues
770 1143 972 1208 aduenientes
986 1144 1130 1208 subleuat
1146 1165 1297 1227 aquarum
1313 1151 1413 1208 tractu
1430 1145 1507 1209 acci·
1596 1150 1601 1160 '

258 1243 634 1327 pierrsinaltituilirren13
669 1267 707 1309 ex
734 1253 816 1309 terra
847 1267 969 1331 quoquc
993 1246 1110 1330 lapidea
1133 1253 1164 1309 et
1186 1246 1262 1324 alia,
1295 1269 1386 1332 saepe
1413 1247 1507 1310 etiarn

256 1346 404 1410 animalia
425 1347 579 1412 subleuat.
625 1347 700 1412 haec
723 1354 828 1412 autem
844 1348 882 1412 ad
900 1350 1061 1433 paululum
1079 1354 1184 1432 erepta
1198 1349 1378 1414 deseruntur
1393 1351 1505 1414 iterum
1520 1368 1548 1408 oo

215 1467 241 1510 τυ
253 1452 380 1515 sicciora
408 1452 490 1514 lacta
518 1460 643 1534 propter
669 1450 846 1514 ariditatem
873 1453 1064 1517 sustollentis
1091 1474 1126 1516 ea
1152 1452 1287 1536 spiritus.
1333 1452 1406 1535 quia
1433 1474 1505 1518 uero

254 1554 334 1636 ignis
361 1554 399 1617 de
422 1554 506 1617 caelo
535 1559 566 1617 ct
593 1561 730 1617 cometae
757 1561 788 1617 et
815 1555 1058 1638 unumquodque
1091 1555 1257 1638 ignitorum
1286 1577 1323 1618 err
1350 1555 1437 1620 arida
1463 1557 1508 1619 iu-

256 1657 381 1720 flatione
410 1657 489 1719 fiunt
517 1656 597 1720 circa
623 1663 763 1719 nostrum
790 1677 876 1737 aera,
911 1657 1102 1722 demonstrat
1135 1658 1281 1722 uisibium
1307 1663 1449 1742 aspectus
1476 1664 1507 1722 et

254 1760 390 1822 maxime
412 1759 579 1823 fulminum
603 1759 808 1823 differentiam
830 1760 1013 1824 habentium
1037 1767 1068 1824 et
1090 1782 1273 1825 concursum
1297 1769 1329 1825 et
1343 1761 1505 1845 impetum,

254 1863 334 1925 sicut
356 1862 450 1925 ctiam
474 1862 613 1925 uomina:
647 1868 736 1926 tanta
762 1863 845 1926 enim
872 1863 1025 1946 quaedam
1053 1883 1159 1927 eorum
1185 1870 1318 1928 utuntur
1345 1863 1506 1928 nimietate

217 1981 243 2024 τι
257 1965 445 2042 uelocitatis,
469 1971 503 2028 ut
526 1965 678 2048 quaedam
702 1965 826 2049 quidem
849 1965 1088 2049 repercutientia
1115 1972 1146 2029 ct
1167 1966 1264 2030 solida
1287 1974 1393 2044 urant,
1415 1987 1507 2049 quae·

256 2070 327 2133 dam
349 2089 423 2132 uero
445 2067 562 2130 rariora
584 2071 616 2130 et
637 2067 800 2131 subtiliora
825 2069 1066 2152 transgressione
1093 2069 1270 2133 custodiant
1295 2070 1416 2134 illaesa:
1445 2076 1532 2134 etc-1

255 2171 319 2235 nim
343 2171 509 2254 aliquando
537 2192 592 2254 per
617 2191 758 2253 parmam
784 2171 913 2234 ueniens
935 2192 987 2235 aes
1015 2171 1139 2255 quidem
1167 2173 1232 2236 eius
1259 2178 1384 2257 propter
1405 2194 1506 2256 reper-

255 2274 429 2337 cussionem
456 2272 617 2352 conflauit,
644 2272 762 2355 liguum
792 2293 864 2336 uero
891 2273 1033 2337 illaesum
1061 2274 1241 2338 custodiuit:
1269 2275 1395 2358 spiritus
1422 2275 1505 2339 enim

255 2397 347 2440 urens
369 2376 498 2439 fulmen.
544 2384 575 2439 et
597 2375 730 2438 aliarum
757 2395 880 2459 quoquc
906 2375 1085 2459 passionum
1112 2377 1145 2440 in
1173 2398 1242 2441 acre
1271 2377 1506 2441 consistentium

212 2494 241 2539 ao
255 2480 336 2544 inest
357 2477 462 2541 uidere
484 2478 673 2541 substantias
695 2498 733 2540 ex
755 2477 909 2561 spirituali
931 2478 1104 2559 inflatione,
1132 2485 1238 2563 utpote
1265 2480 1306 2543 sit
1328 2479 1365 2543 de
1389 2481 1505 2544 tonitru

254 2582 420 2647 dicendum
447 2585 478 2643 ct
504 2580 718 2664 fulguratione.
767 2580 902 2643 nubibus
936 2581 1150 2664 frequentibus
1184 2587 1216 2644 et
1248 2584 1506 2647 conuenientibus

255 2689 365 2748 euecta
386 2683 505 2747 inllatio
529 2683 685 2747 offendens
707 2682 864 2746 uiolentur
892 2682 926 2745 in
954 2682 997 2745 eis
1026 2683 1100 2746 facit
1127 2684 1264 2767 plagam,
1298 2686 1386 2750 cuius
1412 2707 1505 2752 sonna
1519 2703 1546 2745 ιο

253 2792 383 2851 uocatur
407 2785 543 2863 tonitru3
578 2785 736 2849 collisione
763 2805 838 2849 uero
865 2785 947 2848 facta
975 2785 1143 2849 contritum
1172 2786 1205 2849 iu
1232 2786 1276 2850 eis
1302 2787 1428 2870 igneum
1454 2811 1505 2853 ex·

254 2889 362 2974 primit
382 2888 630 2972 fulgorationem.
664 2887 707 2951 sie
730 2887 815 2971 prius
838 2887 963 2971 quidem
986 2887 1102 2951 tonitru
1123 2888 1326 2971 fulgoratioue
1349 2892 1429 2971 fieri3
1452 2913 1506 2977 ap·

212 3008 240 3054 aa
251 3014 361 3081 parere
376 2998 481 3057 autem
504 2992 637 3077 priorem
652 2990 900 3073 fulgurationem,
923 3009 958 3054 eo
979 2991 1062 3073 quod
1082 2991 1166 3055 uisus
1189 2991 1330 3056 auditum
1352 2995 1508 3077 praecedit

201 3151 603 3168 „——„,——....-.

200 3251 216 3303 2
236 3249 268 3303 cs.
281 3249 338 3302 Nic.
351 3244 484 3301 Blemmid.
505 3245 523 3296 l.
536 3261 558 3297 c.
578 3260 603 3312 p.
615 3244 678 3296 149:
698 3245 835 3317 φερόμενος
852 3243 896 3297 οὖν
909 3243 923 3297 δ
935 3245 1023 3315 τυφὼν
1038 3247 1109 3297 κάτω
1129 3247 1173 3299 καί
1185 3246 1224 3299 διά
1242 3247 1289 3317 τὴν
1301 3246 1458 3318 ἀντίκρουσιν
1471 3247 1560 3320 κόκλιρ

200 3336 376 3411 περιαγόμενος
394 3334 437 3386 καί
450 3330 518 3385 οὕτω
536 3333 732 3403 συστρεφόμενος
750 3334 792 3385 καί
805 3339 885 3386 ποιῶν
899 3331 983 3385 έλικα·
1001 3333 1037 3391 οίς
1055 3333 1085 3386 ἀν
1097 3335 1232 3404 προσπέσῃ,
1250 3339 1330 3386 ταῦτα
1343 3334 1431 3405 κόκλφ
1445 3336 1559 3404 στρέφων

200 3433 269 3478 κινεῖ,
306 3423 343 3476 διδ
362 3421 406 3474 καί
423 3440 477 3473 τινα
496 3418 617 3476 πολλάκις
639 3426 692 3471 τῶν
710 3421 750 3472 έπὶ
767 3424 814 3490 γῆς
835 3419 856 3492 ῆ
872 3418 998 3479 θαλάττης
1021 3421 1128 3492 στρέψας
1151 3423 1186 3479 είς
1203 3420 1266 3490 ὕψος
1284 3421 1395 3487 ἀνέλκει,
1418 3421 1454 3480 ὡς
1471 3423 1512 3475 tat
1529 3424 1558 3476 τὸ

200 3512 261 3566 αὐτὸ
277 3510 351 3564 πάλιν
370 3510 544 3576 ἀνακάμπτων
561 3510 598 3576 τῷ
619 3507 653 3576 μῆ
673 3506 739 3580 ἔχειν
757 3506 873 3566 διέξοδον.
902 3508 931 3560 ἐκ
950 3508 995 3575 μέν
1014 3507 1057 3560 οὖν
1076 3508 1204 3578 θαλάσσης
1221 3507 1290 3576 ὕδωρ
1308 3509 1407 3580 ἀνασπᾷ
1425 3509 1558 3568 πολλάκις·

199 3599 248 3670 ἤδη
267 3599 293 3651 δέ
311 3598 355 3650 καί
372 3595 459 3649 πλοῖον
477 3593 626 3663 έμετείυρισε
642 3597 676 3664 τῆ
688 3592 743 3663 δίνη
762 3594 916 3666 περιλαβών·
936 3595 966 3647 έκ
984 3594 1010 3647 δέ
1023 3600 1069 3665 τῆς
1085 3600 1132 3665 γῆς
1150 3598 1193 3648 καί
1212 3595 1273 3657 ξόλα
1291 3597 1335 3649 καὶ
1353 3595 1446 3660 λίθους,
1465 3597 1513 3668 ἤδη
1532 3597 1559 3650 δέ

199 3687 242 3739 καί
261 3686 323 3755 ξορα,
341 3683 385 3737 τόν
403 3681 479 3735 αίιτδν
497 3682 589 3754 τρόπον
608 3680 751 3751 ἀνήνεγκεν.
788 3678 834 3734 όσα
852 3680 876 3734 δ’
898 3680 942 3734 ὑπ’
964 3681 1041 3734 αὑτοῦ
1060 3683 1236 3753 ἀναφέρονται,
1259 3682 1342 3752 ὀλίγον
1361 3683 1560 3756 μετεωρισθέντα

200 3773 385 3845 καταφέρονται
403 3770 486 3835 πάλιν,
504 3767 630 3840 ξηρότατα
648 3767 768 3838 γενόμενα
787 3767 827 3821 διὰ
844 3769 891 3838 τὴν
910 3769 1035 3841 ξηρότητα
1053 3773 1099 3822 τοῦ
1117 3769 1253 3838 ἀνάγοντος
1269 3775 1349 3823 ταῦτα
1367 3771 1508 3840 πνεόματος

204 3861 235 3913 15
255 3860 286 3912 τί.
306 3860 416 3912 Aristot.
431 3859 479 3911 371
490 3857 553 3908 nat:
573 3856 610 3908 διὸ
629 3857 721 3908 καὶτὰ
740 3856 785 3924 μέν
796 3856 996 3926 ἀντιτυπῆσαντα
1014 3858 1105 3926 πάσχει
1123 3875 1154 3922 τι,
1173 3859 1205 3911 τὰ
1222 3857 1248 3910 δέ
1269 3859 1303 3929 μὴ
1317 3857 1400 3923 οδθέν,
1419 3859 1470 3912 οἷον
1489 3859 1560 3912 ἀσπί-

200 3948 242 4006 δος
260 3946 308 4018 ῆδῆ
327 3946 356 3999 τὸ
375 3945 420 4014 μέν
439 3943 568 4015 χάλκωμα
587 3944 675 4014 ἐτάκη,
692 3943 721 3996 το
740 3942 766 3995 δέ
786 3942 859 4003 ξόλον
877 3942 951 3997 οιίθέν
970 3942 1062 3997 έπαθεν
1081 3974 1113 3982 -
1133 3945 1190 3998 Nic.
1210 3946 1345 3998 Blemrnid.
1364 3947 1381 3997 1.
1391 3962 1413 3999 c.
1432 3963 1458 4014 p.
1471 3946 1518 3999 151

200 4038 231 4088 ‘21
256 4035 288 4089 cf.
309 4035 417 4088 Aristot.
437 4031 556 4085 369⁸2l:
579 4028 644 4102 αὕτη
664 4029 732 4098 [scil.
750 4031 766 4101 ῆ
785 4029 960 4099 ἀναθυμίασις]
980 4032 1115 4084 συνιόντων
1132 4038 1185 4084 τῶν
1204 4040 1287 4102 νεφῶν
1306 4032 1453 4105 ἐκκρίνεται,
1473 4034 1514 4104 βίᾳ
1532 4035 1558 4088 δέ

200 4123 325 4194 φερομένη
337 4122 381 4173 καί
393 4119 580 4191 προσπίπτουσα
598 4124 650 4175 τοῖς
663 4120 848 4187 περιεχομένοις
866 4120 949 4190 νέφεσι
966 4127 1033 4172 ποιεῖ
1043 4118 1150 4190 πληγήν,
1168 4119 1199 4190 ῆς
1217 4119 1231 4172 δ
1244 4120 1324 4190 ψόφος
1342 4120 1453 4174 καλεῖται
1467 4123 1558 4195 βροντή

201 4211 234 4263 24
253 4210 286 4262 of.
304 4210 414 4262 Aristot.
433 4206 537 4260 369127:
560 4205 653 4276 γίνεται
671 4204 697 4257 δέ
715 4206 779 4274 μετὰ
796 4207 844 4277 τῆν
863 4206 961 4278 τληγῆν
980 4209 1023 4259 καὶ
1041 4204 1142 4279 ὕστερον
1161 4213 1207 4277 τῆς
1225 4208 1343 4279 βροντῆς·
1365 4208 1429 4263 ἀλλά
1446 4210 1559 4280 φαίνεται

199 4295 319 4367 πρότερον
337 4293 377 4348 διὰ
395 4295 424 4348 τὸ
437 4295 484 4363 τὴν
503 4293 560 4361 ὄψιν
572 4299 699 4364 προτερεῖν
718 4298 764 4362 τῆς
782 4295 862 4364 ἀκοῆς
881 4325 912 4332 -
932 4295 988 4347 Nic.
1002 4294 1137 4347 Blemmid.
1156 4296 1172 4347 l.
1184 4311 1205 4347 ο.
1225 4312 1250 4363 ρ.
1264 4296 1324 4347 147:
1343 4296 1435 4365 γίνεται
1453 4297 1479 4350 δέ
1496 4299 1559 4367 μετὰ

199 4384 247 4453 τὴν
260 4382 366 4453 βροντὴν
385 4382 428 4434 καί
440 4379 541 4452 ὕστερον
559 4384 605 4451 τῆς
617 4380 723 4451 πληγῆς,
750 4382 766 4452 ῆ
786 4381 865 4450 βίαιος
882 4384 928 4453 γὰρ
946 4381 1043 4452 κίνησις
1060 4383 1103 4433 καί
1120 4382 1137 4452 ῆ
1155 4381 1238 4452 πληγὴ
1258 4382 1324 4434 αίτία
1342 4384 1406 4436 ἐστὶν
1425 4383 1494 4454 αὐτῷ
1513 4388 1559 4455 τῆς

200 4470 381 4543 έκπυρώσεως·
398 4469 439 4522 διά
457 4469 542 4537 μέντοι
559 4467 588 4520 τὸ
608 4469 654 4537 τὴν
674 4467 731 4537 όψιν
744 4467 970 4539 ἀντιλαμβάνεσθαι
988 4475 1041 4520 τῶν
1054 4468 1124 4521 ἰδίων
1143 4470 1271 4537 αἰσθητῶν
1290 4468 1394 4541 πρώτην
1411 4474 1457 4542 τῆς
1469 4472 1558 4543 ἀκοῆς,

200 4559 240 4612 διὰ
258 4563 332 4611 τοῦτο
350 4556 398 4628 πρδ
416 4559 461 4608 τοῦ
480 4554 635 4625 ἀκουσθῆναι
652 4555 699 4624 τὴν
719 4556 825 4626 βροντὴν
844 4555 931 4629 δρᾶται
949 4557 965 4626 ῆ
985 4557 1108 4629 ἀστραπή.

203 4782 235 4834 10
252 4784 357 4849 propter
377 4779 413 4831 θ’
431 4781 456 4830 ιἰι
474 4797 564 4845 ιιιανρ.;
583 4780 607 4831 iu
625 4791 692 4833 textu
710 4799 760 4831 ιιαα
778 4779 849 4832 litera
867 4797 949 4844 ernau,
962 4782 1028 4847 sort.
1047 4779 1170 4845 compend.
1190 4796 1235 4848 per
1335 4779 1366 4832 13
1385 4779 1557 4834 differentiam

200 4868 257 4938 ete]
280 4885 368 4938 praece
380 4867 443 4931 sert.
465 4865 584 4939 διάφορον
606 4868 718 4938 ἐχόντων
743 4868 786 4920 καί
808 4867 854 4937 τῆν
877 4865 1017 4937 συνδρομὴν
1042 4867 1086 4919 καί
1112 4865 1193 4939 δρμὴν
1217 4865 1301 4940 ὥσπερ
1326 4873 1369 4920 καί
1391 4869 1422 4921 τὰ
1446 4867 1558 4937 ὀνόματα

201 4954 344 5026 [ὓυεδιιανο
362 4952 538 5025 διαφορώτατα
556 4956 684 5022 ecripreiaae
703 4955 849 5008 Priscianus
865 4952 972 5026 uidetur]
1079 4953 1110 5008 21
1132 4952 1270 5009 dicendum
1291 4953 1327 5007 θ’
1344 4956 1369 5006 iu
1387 4974 1441 5012 ται.
