3524 5596
382 306 631 361 ARISTOPHANIS
650 307 834 360 HISTORIAE
855 307 1046 360 ANIMALIUM
1065 307 1213 359 EPITOME
1231 307 1240 359 1
1260 306 1372 359 45-52
1518 306 1555 369 13

257 480 289 543 δὲ
316 481 364 543 καὶ
390 481 427 543 τὰ
454 479 540 563 ὅμοια
567 480 680 549 ἐντοῖς
705 480 810 550 λίθοις·
844 482 910 564 περὶ
938 482 970 544 δέ
995 482 1046 550 τὰς
1074 481 1219 565 σήραγγας
1245 482 1303 541 τῶν
1330 483 1443 564 πετρῶν
1469 476 1505 539 τὰ
1516 483 1551 540 24

257 583 351 666 τήθεα
373 584 421 646 καὶ
443 583 472 646 αἱ
496 583 615 667 βαλανοι
640 584 688 646 καί
711 584 741 646 αί
763 586 872 668 νήρεις,
899 585 926 646 οἱ
949 584 981 646 δὲ
1007 583 1128 666 σπόγγοι
1149 583 1214 668 περὶ
1236 581 1287 651 τὰς
1313 586 1370 644 τῶν
1392 584 1505 666 πετρῶν
1519 597 1544 639 ει

257 683 435 768 κοιλότητας.
480 683 543 771 ἔχει
571 686 603 748 δὲ
629 685 645 747 ό
674 683 798 768 σπόγγος
825 686 1005 772 πινοφύλακα
1031 683 1097 770 μεθ’
1125 687 1229 748 ἑαυτοῦ
1255 683 1354 766 όμοιον
1377 686 1504 770 ἀράχνῃ,

258 786 289 856 ὃς
311 787 394 874 αὐτῷ
418 788 550 872 σημαίνει
573 789 608 851 τά
632 789 751 874 ἰχθύδια
773 788 906 874 θηρεύειν
929 789 965 851 τὰ
987 787 1111 852 είσιόντα
1133 788 1174 856 είς
1196 787 1246 856 τὰς
1268 785 1446 871 κοιλότητας.

230 905 244 950 σ
339 890 412 973 (46)
433 889 505 955 Κύει
521 891 603 955 δὲτὰ
625 891 741 976 ἐμφανῆ
764 898 822 955 τῶν
845 889 931 977 ζῴων
954 893 1000 956 άεὶ
1023 890 1089 959 τοὺς
1111 889 1191 959 ἴσους
1212 888 1344 975 χρόνους,
1367 889 1451 953 άλλοι
1473 891 1505 953 δέ

256 992 355 1073 ἄλλοις
377 994 501 1064 ἑστῶτές
517 994 596 1058 εἰσιν.
663 994 735 1078 (47)
756 997 775 1078 ἡ
800 996 852 1078 μὲν
875 993 924 1058 ούν
947 996 1016 1078 γυνὴ
1041 993 1092 1056 ἕνα
1114 992 1218 1078 χρόνον
1235 993 1348 1056 ἑστῶτα
1369 993 1422 1057 ούκ
1442 991 1505 1077 ἔχει
1518 1002 1567 1050 κε’

256 1101 309 1180 τῆς
330 1097 463 1181 κυήσεως
485 1098 617 1182 καθάπερ
638 1097 673 1160 τὰ
694 1097 769 1161 άλλα
791 1102 867 1184 ζῷα,
891 1098 966 1161 ἀλλὰ
988 1098 1036 1161 καὶ
1059 1095 1132 1159 ἑπτὰ
1155 1100 1247 1179 μῆνας
1266 1099 1400 1180 κυήσασα
1419 1096 1505 1159 τίκτει

255 1198 316 1283 (καὶ
340 1199 430 1285 ὀκτὼ)
451 1201 500 1264 καὶ
522 1199 613 1280 ἐννέα,
637 1200 693 1263 εἰσὶ
716 1201 748 1264 δὲ
769 1201 800 1264 αἳ
823 1202 870 1264 καὶ
892 1199 969 1285 (τοῦ)
992 1201 1113 1264 δεκάτου
1136 1200 1250 1262 καὶτοῦ
1273 1199 1424 1262 ἑνδεκάτου
1446 1198 1503 1283 ἤδη

257 1302 446 1387 προσέλαβον.
511 1303 584 1387 (48)
605 1303 683 1366 κύων
705 1302 768 1366 κύει
789 1305 841 1386 μὲν
855 1304 998 1389 τέσσαρας
1020 1308 1121 1386 μῆνας,
1144 1307 1186 1386 τῷ
1207 1303 1240 1365 δὲ
1261 1301 1386 1387 πέμπτῳ
1408 1302 1504 1379 τίκτει,

216 1420 243 1464 10
255 1405 343 1468 τίκτει
364 1406 396 1468 δὲ
418 1405 593 1470 τὰπλεῖστα
615 1404 715 1471 εἴκοσι
752 1405 814 1470 κύει
837 1408 933 1470 δὲκαὶ
952 1407 1038 1474 λύκος
1054 1405 1172 1487 ὁμοίως.
1237 1404 1308 1488 (49)
1329 1407 1348 1488 ἡ
1371 1406 1404 1468 δέ
1419 1405 1550 1474 ίπποςῖό

204 1526 261 1570 mor
274 1509 335 1573 κύει
351 1510 402 1592 μὲν
420 1513 512 1594 μῆνας
535 1509 646 1585 ἕνδεκα,
667 1515 709 1592 τῳ
733 1510 765 1572 δέ
789 1506 793 1594 Ι
818 1510 974 1593 δωδεκάτῳ
996 1509 1096 1572 τίκτει·
1126 1508 1145 1591 ἡ
1169 1508 1201 1570 δὲ
1223 1507 1288 1577 ὄνος
1311 1512 1404 1591 μῆνας
1425 1507 1505 1585 δέκα,

259 1620 300 1700 τῷ
324 1614 357 1677 δὲ
380 1613 524 1697 ἑνδεκάτῳ
548 1613 648 1676 τίκτει·
681 1614 700 1697 ἡ
724 1614 757 1676 δὲ
783 1615 914 1695 κάμηλος
942 1616 1034 1696 μῆνας
1056 1611 1141 1675 δέκα·
1175 1612 1195 1694 ἡ
1219 1612 1251 1674 δὲ
1279 1609 1386 1695 ἔλαφος
1412 1610 1504 1674 δκτιό·

256 1719 275 1801 ἡ
299 1717 331 1780 δὲ
359 1715 463 1801 ἄρκτος
484 1715 595 1799 ἡμέρας
617 1716 768 1800 τριάκοντα
794 1717 845 1785 τάς
866 1716 969 1784 πάσας.
1050 1712 1122 1797 (50)
1147 1715 1166 1797 ἡ
1190 1715 1223 1777 δὲ
1248 1713 1348 1777 λέαινα
1373 1713 1435 1776 κύει
1456 1715 1504 1777 καί

258 1822 277 1904 ἡ
302 1824 356 1902 μῦς
378 1819 426 1882 καὶ
448 1819 467 1902 ἡ
491 1818 607 1902 πανθὴρ
629 1820 678 1881 καὶ
705 1820 724 1902 ἡ
747 1820 886 1904 πάρδαλις
911 1819 960 1882 καὶ
982 1815 1116 1901 αἴλουρος
1143 1817 1192 1881 καὶ
1215 1816 1359 1901 ἰχνεύμων
1383 1817 1533 1902 ύσονπερε

216 1939 244 1983 15
257 1924 284 1985 οἱ
306 1923 389 1990 κύνες
410 1919 527 2005 χρόνον,
549 1921 625 2005 λέγω
648 1922 680 1985 δὲ
701 1922 750 1985 τδν
771 1925 997 2007 τετραμηνιαῖον.
1063 1919 1135 2003 (51)
1156 1920 1175 2003 ἡ
1199 1920 1231 1981 δὲ
1254 1919 1398 1989 δασύπους
1419 1921 1505 1985 τίκτει

257 2028 330 2092 κατὰ
353 2031 440 2111 μῆνα.
505 2023 578 2108 (52)
598 2025 631 2088 τδ
654 2026 687 2089 δὲ
708 2025 850 2110 πρόβατον
873 2025 935 2088 κύει
958 2029 1051 2107 μῆνας
1065 2021 1160 2098 πέντε,
1183 2021 1323 2092 ὡσαύτως
1344 2024 1392 2086 καὶ
1408 2025 1427 2108 ἡ
1444 2024 1503 2094 αίξ·

206 2254 217 2304 1
238 2252 293 2321 περὶ
306 2251 332 2303 δέ
346 2252 390 2308 τὰς
407 2250 542 2320 σήραγγας]
560 2248 641 2300 Arist.
654 2248 714 2301 hist.
726 2248 805 2299 anim.
819 2243 840 2299 E
854 2247 884 2300 15
902 2262 926 2314 p.
937 2246 1043 2300 547b21
1064 2246 1118 2316 περὶ
1132 2245 1157 2298 δέ
1170 2246 1214 2305 τὰς
1226 2246 1350 2316 σήραγγας
1364 2253 1416 2299 τῶν
1428 2248 1559 2318 πετριδίων

201 2337 285 2408 τίγθυα
302 2338 345 2390 καὶ
364 2337 464 2406 βάλανοι
483 2336 575 2388 καὶτὰ
594 2334 784 2399 ἐπιπολάζοντα,
807 2334 857 2386 οίον
875 2335 900 2386 αἱ
917 2332 1020 2392 λεπάδες
1039 2334 1082 2385 καὶ
1100 2333 1123 2384 οί
1141 2339 1249 2404 νηρεῖται
1390 2334 1406 2387 3
1431 2335 1483 2406 ἔχει
1500 2336 1526 2388 δέ
1544 2335 1557 2389 δ

202 2425 319 2495 σπόγγος]
338 2426 418 2477 Arist.
431 2425 491 2476 hist.
504 2425 584 2476 anim.
597 2419 619 2476 E
634 2423 664 2475 10
684 2439 709 2491 p.
723 2421 830 2474 548228
853 2428 904 2474 τῶν
922 2421 948 2474 δέ
966 2421 1080 2490 σπόγγων
1098 2421 1124 2474 ἐν
1141 2429 1195 2481 ταῖς
1212 2419 1336 2491 θαλάμαις
1355 2422 1460 2491 γίνονται
1478 2442 1557 2476 πιννο-

201 2513 320 2583 φύλακες.
350 2513 432 2565 ἔπεστι
450 2511 469 2563 δ’
485 2510 536 2563 οίον
554 2512 670 2580 άράχνιυν
689 2511 798 2562 ἐπὶτῶν
816 2508 952 2577 θαλαμῶν,
975 2507 988 2560 δ
1006 2508 1136 2578 διοίγοντες
1154 2511 1197 2562 καὶ
1215 2511 1359 2578 συνάγοντες
1377 2507 1509 2580 θηρεύουσι
1526 2513 1577 2587 τὰι

202 2599 301 2671 ἰχθύδια
319 2600 350 2651 τά
369 2600 446 2668 μικρά
464 2598 525 2669 πρὸς
543 2599 589 2668 μέν
609 2598 638 2651 τὸ
658 2595 773 2650 είσελθεῖν
795 2597 924 2666 διοίγοντες
945 2595 1022 2661 αύτά,
1044 2595 1103 2648 όταν
1121 2594 1140 2648 δ’
1156 2595 1268 2668 είσέλθη,
1292 2600 1436 2667 συνάγοντες

201 2688 218 2740 5
243 2686 308 2755 κύει]
328 2688 407 2739 Arist.
421 2688 480 2739 hist.
494 2683 637 2739 anim.H4
655 2703 681 2754 p.
694 2684 801 2738 584233
826 2686 858 2737 τά
881 2685 925 2753 μὲν
949 2683 991 2736 οὖν
1014 2683 1078 2736 ἄλλα
1101 2685 1154 2754 ζῷα
1177 2692 1295 2756 μοναχῶς
1317 2691 1421 2739 ποιεῖται
1442 2688 1490 2758 τὴν
1513 2694 1557 2741 τοῦ

200 2775 277 2827 τόκου
298 2773 435 2826 τελείωσιν·
463 2774 496 2832 είς
519 2775 565 2843 γὰρ
589 2773 691 2844 ὥρισται
713 2777 758 2826 τοῦ
781 2772 858 2825 τόκου
881 2773 968 2843 χρόνος
991 2779 1075 2824 πᾶσιν·
1103 2770 1229 2843 ἀνθρώπῳ
1255 2773 1280 2825 δὲ
1303 2773 1390 2826 πολλοὶ
1414 2775 1483 2846 μόνῳ
1506 2782 1558 2828 τῶν

201 2862 287 2931 ζῴων·
312 2863 419 2932 καὶγὰρ
442 2862 572 2930 ἑπτάμηνα
595 2863 637 2913 καὶ
661 2861 791 2931 ὀκτάμηνα
814 2860 857 2912 καὶ
879 2861 1014 2929 ἐννεάμηνα
1038 2860 1140 2929 γίνεται,
1163 2861 1207 2913 καί
1228 2860 1357 2930 δεκάμηνα
1380 2861 1409 2914 τὸ
1433 2862 1557 2916 πλεῖστον·

200 2951 262 3002 ἔνιαι
280 2947 299 3002 δ’
315 2949 506 3018 ἐπιλαμβάνουσι
525 2949 630 3001 καὶτοῦ
649 2948 780 3001 ἑνδεκάτου
799 2947 883 3017 μηνός.
910 2948 943 2999 cf.
959 2948 1038 3000 Arist.
1051 2964 1138 3015 gener.
1152 2950 1230 3000 anim.
1243 2946 1292 3000 Δί
1311 2966 1336 3017 p.
1350 2949 1450 3002 772126,
1478 2950 1510 3002 cf.
1529 2952 1557 3003 in

201 3038 315 3090 secunda
333 3042 405 3105 parte
423 3036 440 3088 f.
454 3036 523 3089 337v
545 3035 560 3103 ξ
573 3036 616 3088 33.
630 3035 663 3088 31
770 3035 785 3086 9
804 3034 874 3087 κύων
892 3032 958 3102 κύει]
978 3035 1010 3088 cf.
1024 3035 1105 3087 Arist.
1119 3036 1178 3088 hist.
1193 3037 1273 3087 anim.
1287 3034 1309 3088 Z
1323 3036 1357 3088 20
1375 3053 1400 3104 p.
1414 3037 1523 3090 574220

203 3125 236 3177 10
261 3126 341 3177 τίκτει
366 3124 403 3190 δέ]
428 3123 460 3176 σί,
479 3125 559 3176 Asist.
573 3125 634 3176 hist.
648 3125 727 3176 anim.
741 3121 763 3175 Z
776 3122 810 3175 20
832 3140 858 3191 p.
871 3122 980 3175 574b24
1007 3123 1084 3175 τίκτει
1109 3123 1134 3176 δέ
1159 3122 1229 3174 κύων
1254 3123 1376 3176 σκυλάκια
1400 3126 1431 3178 τά
1456 3125 1557 3179 πλεῖστα

200 3211 335 3277 δώδεκα,
354 3212 389 3270 ιὶις
407 3211 426 3264 δ’
442 3213 482 3264 ἐπὶ
499 3211 527 3263 τό
546 3210 608 3263 πολὺ
627 3213 699 3263 πέντε
717 3211 732 3281 ἤ
752 3210 777 3271 ἐξ
882 3208 948 3275 κύει]
968 3211 1047 3263 Arist.
1059 3212 1121 3263 hist.
1133 3212 1213 3263 anim.
1227 3209 1249 3263 Z
1263 3210 1296 3264 35
1315 3213 1459 3280 [1580111
1482 3213 1558 3274 λύκος

200 3299 227 3352 δέ
245 3300 299 3352 κύει
318 3301 364 3368 μὲν
381 3301 424 3352 καὶ
441 3300 519 3351 τίκτει
537 3297 651 3370 καθάπερ
671 3297 740 3351 κύων
758 3305 794 3367 τῷ
812 3297 896 3369 χρόνῳ
915 3297 1014 3367 καὶτῷ
1032 3296 1124 3368 πλήθει
1141 3305 1192 3350 τῶν
1210 3300 1361 3368 γιγνομένων
1497 3303 1512 3371 ἡ
1532 3302 1558 3354 δὲ

199 3385 286 3455 ἵππος]
310 3388 391 3439 Arist.
408 3388 469 3440 hist.
486 3384 601 3439 anim.Z
617 3386 650 3438 22
675 3403 700 3454 p.
713 3385 822 3439 5751226
849 3385 903 3438 κύει
927 3384 951 3437 δ’
972 3386 1002 3456 (ἡ
1027 3386 1115 3450 ίππος)
1139 3386 1225 3439 ἐνδεκα
1250 3392 1343 3457 μῆνας,
1371 3388 1506 3458 δωδεκάτῳ
1531 3389 1557 3442 δέ

200 3474 279 3527 τίκτει
387 3476 416 3527 ll
436 3475 452 3545 ἡ
471 3474 496 3527 δέ
515 3473 581 3539 ύνος]
599 3475 680 3527 Arist.
693 3475 754 3527 hist.
768 3475 846 3526 anim.
860 3471 882 3525 Z
896 3473 928 3526 23
947 3489 973 3540 p.
983 3473 1088 3526 577221
1111 3474 1189 3526 τίκτει
1205 3475 1231 3528 δὲ
1249 3474 1324 3540 (όνος)
1342 3475 1476 3547 δωδεκάτῳ
1490 3476 1558 3546 μηνί.

201 3561 233 3614 τί.
252 3563 332 3614 Arist.
347 3578 433 3631 gener.
446 3564 525 3614 anim.
538 3559 561 3614 B
574 3562 590 3614 8
611 3579 636 3630 p.
651 3560 759 3614 748130
937 3561 968 3612 12
994 3561 1010 3631 ἡ
1032 3561 1058 3613 δέ
1080 3561 1205 3632 κάμηλος]
1229 3563 1308 3616 Arist.
1323 3565 1382 3616 hist.
1395 3565 1474 3616 anim.
1488 3562 1510 3616 Z
1524 3563 1556 3616 26

200 3649 348 3718 p.578210
374 3650 391 3719 η
415 3649 440 3701 δὲ
465 3649 578 3720 κάμηλος
601 3647 655 3701 κύει
677 3650 722 3717 μὲν
745 3648 806 3702 δέκα
830 3652 922 3718 μῆνας,
948 3648 1025 3701 τίκτει
1047 3647 1066 3701 δ’
1084 3649 1122 3701 ἀεὶ
1145 3649 1170 3700 ἐν
1194 3650 1277 3718 μόνον.
1313 3656 1341 3703 at
1365 3653 1426 3704 hist.
1444 3648 1557 3704 στῆσαί]

200 3735 329 3804 p.5461›3
348 3735 402 3788 κύει
420 3737 445 3790 δέ
464 3737 562 3790 δώδεκα
581 3741 661 3807 μῆνας
765 3737 782 3807 η
801 3737 827 3790 δέ
845 3735 947 3805 ἔλαφος]
967 3736 1048 3789 Arist.
1066 3737 1083 3788 l.
1096 3754 1118 3790 c.
1131 3735 1154 3790 Z
1167 3736 1200 3788 29
1217 3754 1242 3805 p.
1252 3737 1361 3790 578b13
1380 3737 1435 3790 κύει
1453 3736 1471 3791 δ’
1487 3738 1557 3792 ὀκτὼ

201 3828 281 3892 μῆνας
297 3823 324 3892 (η
337 3822 438 3893 ἔλαφος)
546 3825 577 3877 13
595 3825 611 3895 ἡ
631 3825 656 3877 δὲ
674 3825 777 3895 ἄρκτος]
795 3825 874 3877 Arist.
891 3826 908 3876 l.
922 3841 944 3877 ε.
957 3822 979 3876 Ζ
992 3824 1026 3877 30
1044 3841 1069 3892 p.
1084 3824 1193 3877 579220
1215 3823 1269 3876 κύει
1287 3823 1306 3877 δ’
1322 3826 1413 3895 ἄρκτος
1431 3825 1554 3895 τριάκονθ’

200 3911 294 3980 ἡμέρας
340 3956 343 3964 ,
403 3913 434 3963 14
458 3914 501 3964 καὶ
518 3914 535 3983 η
553 3911 664 3983 πανθὴρ]
684 3915 763 3965 Arist.
781 3913 797 3964 l.
810 3928 832 3965 c.
846 3910 868 3965 Z
882 3911 915 3964 35
935 3929 960 3980 p.
973 3911 1080 3965 580123
1104 3912 1126 3963 οἱ
1144 3911 1170 3964 δὲ
1188 3910 1297 3980 αίλουροι
1315 3915 1358 3966 καὶ
1376 3914 1398 3966 οί
1417 3915 1558 3984 ίχνεύμονες

200 3998 324 4050 τίκτουσιν
345 3997 436 4068 όσαπερ
458 4000 501 4051 καί
522 4000 544 4052 οί
565 3999 656 4058 κύνες.
670 4035 697 4049 ..
711 4001 754 4052 καὶ
772 3999 785 4052 ὁ
804 3998 902 4070 πανθηρ
924 3998 950 4051 δέ
970 4001 1049 4052 τίκτει
1069 3999 1150 4069 τυφλά
1168 3999 1223 4052 κτλ
1367 4001 1397 4053 15
1422 4000 1556 4071 δασύπους]

201 4087 281 4137 Arist.
296 4087 315 4138 l.
328 4103 350 4139 ε.
363 4084 386 4138 Ζ
399 4087 432 4140 33
451 4086 599 4156 p.5791›33
623 4089 666 4140 καὶ
683 4088 793 4140 τίκτουσι
811 4085 964 4151 (δασύποδες)
984 4089 1050 4139 κατὰ
1069 4093 1136 4158 μῆνα
1269 4087 1299 4139 16
1323 4088 1458 4159 πρόβατον]
1479 4090 1557 4143 Arist.

202 4173 218 4223 1.
231 4190 253 4226 c.
267 4172 289 4226 Z
304 4173 335 4225 19
354 4190 379 4241 p.
393 4174 503 4228 5731220
525 4174 580 4227 κύει
598 4175 624 4227 δέ
642 4177 715 4228 πέντε
733 4179 812 4245 μῆνας
830 4174 873 4226 καὶ
892 4174 1016 4244 πρόβατον
1033 4176 1076 4226 καὶ
1094 4173 1133 4235 αίξ

201 4372 217 4423 2
243 4372 268 4425 αλ
286 4373 367 4443 νημεις
384 4373 464 4426 Rosa:
490 4373 619 4443 ἐνηρειςΡ
762 4373 785 4425 οί
806 4373 832 4426 δὲ
851 4373 981 4426 θοαοιάί
1000 4372 1063 4425 δὲΡ
1205 4373 1305 4442 σπόγγοι
1325 4375 1354 4427 in
1376 4374 1480 4444 σπόγκοι
1501 4391 1557 4428 cor·

201 4463 268 4513 rexit
286 4461 319 4513 P¹
448 4466 546 4530 πετρῶν
564 4461 645 4513 Rosa:
670 4466 768 4531 πτερῶν
785 4460 806 4512 Ρ
937 4460 953 4513 3
977 4461 1180 4530 σπόγγοςθονει
1204 4461 1312 4528 σπόγκος
1330 4463 1350 4513 Ρ
1477 4482 1557 4516 πιννο-

201 4547 300 4618 φύλακα
318 4549 385 4602 Rose
491 4547 507 4600 5
526 4547 580 4601 κύει
597 4550 678 4601 Roso:
699 4545 766 4601 κύειν
783 4547 802 4599 Ρ
909 4548 948 4601 ἀεὶ
965 4549 1022 4607 τοὺς
1041 4547 1106 4607 ίσους
1124 4550 1228 4616 scripsi:
1250 4548 1339 4609 αὐτοὺς
1357 4549 1457 4610 ίσουςΡ
1473 4553 1556 4605 Rose:

201 4637 257 4695 τοὺς
274 4635 339 4695 ίσους
358 4635 461 4704 Sauppe
591 4636 606 4688 0
632 4635 715 4696 ἄλλοις
733 4637 813 4688 Rose:
839 4635 960 4694 ἅλλωςΡ
1089 4641 1149 4690 ante
1167 4636 1183 4706 η
1202 4637 1247 4704 μέν
1265 4636 1308 4689 οὖν
1326 4638 1419 4691 lemma
1437 4639 1558 4708 praefigit

204 4719 266 4793 Γυνή
285 4724 304 4775 Ρ
413 4724 428 4774 1
452 4724 514 4776 ἑπτά
533 4728 612 4794 μῆνας
631 4726 711 4777 Rose:
737 4726 865 4794 ἑπτάμηνα
884 4724 903 4775 Ρ
1015 4723 1031 4776 8
1055 4726 1098 4776 καὶ
1116 4724 1185 4776 ὀκτὼ
1204 4725 1293 4777 addidi
1311 4743 1343 4778 ex
1362 4727 1503 4780 Aristotele

202 4814 308 4863 καὶτοῦ
331 4810 437 4863 δεκάτου
456 4813 534 4865 Rose:
563 4813 606 4864 καὶ
627 4812 731 4864 δεκάτου
749 4814 769 4865 Ρ
927 4812 959 4863 10
986 4810 1075 4880 εἴκοσι]
1097 4813 1198 4864 litterae
1219 4813 1235 4863 i
1259 4818 1284 4865 et
1304 4815 1331 4864 ιῖι
1353 4814 1474 4867 videntur
1495 4831 1556 4868 τοιι-

203 4899 272 4951 1ιιεπι·
396 4906 456 4952 ante
474 4901 490 4969 η
509 4897 702 4958 ίυιυωοἿππος
720 4901 797 4952 habet
816 4901 834 4951 Ρ
962 4898 992 4950 15
1017 4903 1089 4959 κύνες
1107 4917 1138 4952 ex
1157 4905 1230 4968 μύνες
1248 4903 1361 4953 correxit
1379 4902 1409 4953 1)Ι
