3510 5610
195 287 236 353 82
367 288 617 344 ARISTOPHANIS
634 288 818 343 HISTORIAE
837 290 1028 345 ΑΝῖῖῖΛῖῖΠῖῖ
1049 290 1195 345 ῖῖΡῖΤΟῖῖῖῖ
1214 291 1237 345 ῖῖ
1256 292 1315 345 200.
1330 290 1379 345 201

249 461 391 526 λάπτουσι
423 462 455 525 δὲ
483 466 522 545 τῇ
551 464 689 545 γλώσση,
721 463 896 547 ἁρπάζοντες
929 466 970 533 ῶς
1000 458 1034 526 ἀν
1067 462 1143 527 εἴποι
1172 488 1213 533 τις
1241 464 1261 547 ἦ
1295 466 1343 528 καὶ
1375 466 1411 549 νὴ
1441 466 1496 529 Δία

251 561 419 633 κλέπτοντες
441 566 474 628 τὸ
496 564 586 648 πόμα.

333 666 426 750 (201)
458 664 562 730 Κυνῶν
584 666 614 735 ἐς
632 666 699 735 τοὺς
721 666 876 752 τρέφοντας
897 666 1002 738 αὐτούς
1023 667 1140 752 ἄμαχον
1155 666 1268 733 εὑνοιαν
1291 670 1430 753 ὑμολογεῖ
1449 672 1497 733 καῖ

249 766 341 831 ἐκεῖνο
367 769 470 853 δήπου.
514 766 544 831 ἔν
566 793 618 832 τινι
643 774 701 833 τῶν
723 770 870 854 ἐμφυλίων
895 769 1031 853 πολέμων
1055 769 1084 831 ἐν
1106 775 1143 853 τῇ
1165 766 1273 854 Ῥώμη
1297 768 1418 858 Καλβυυ
1443 776 1496 837 τοῦ

221 866 392 954 οῬωμαίου
418 870 576 957 σφαγέντος
601 870 695 942 οὐδεὶς
723 872 820 954 μέντοι
848 878 904 935 τῶν
931 871 1049 956 ἐχθρῶν
1076 876 1128 935 τοῦ
1154 873 1258 956 ἀνδρὸς
1283 875 1417 959 ἠδυνήθη
1444 876 1497 959 τὴν

249 975 377 1056 κεφαλὴν
400 975 568 1058 ἀποτεμεῖν,
595 974 688 1038 καίτοι
711 975 818 1059 μυρίων
841 974 992 1056 ἀγώνισμα
1019 973 1178 1058 τιθεμένων
1205 975 1286 1057 σφίσι
1311 977 1360 1039 καῖ
1386 980 1498 1041 κολλῶ-

249 1096 341 1159 πιομα
363 1081 457 1145 τοῦτο,
480 1079 545 1161 πρὶν
567 1102 586 1161 η
603 1079 651 1140 τόν
666 1078 839 1162 παρεστῶτά
852 1078 880 1139 οἱ
896 1077 967 1140 κύνα
989 1079 1155 1140 ἀποκτεῖναι
1176 1075 1226 1139 ὑπ’
1243 1075 1333 1140 αὑτοῦ
1353 1078 1497 1164 τραφέντα

248 1180 296 1240 καῖ
325 1178 420 1260 μέντοι
447 1180 495 1241 καῖ
521 1181 573 1263 τὴν
600 1180 712 1243 εὔνοιάν
740 1181 767 1242 οῖ
795 1178 951 1242 πιστότατα
978 1179 1169 1251 ἀποσώζοντα
1195 1180 1243 1243 καὶ
1272 1181 1497 1267 ὑπερμαχοῦντα

250 1284 300 1343 τοῦ
323 1281 466 1364 κειμένου,
488 1283 588 1367 ῶσπερ
610 1281 659 1346 οὑν
683 1285 896 1366 συστρατιώτην
917 1305 948 1345 τε
971 1284 1019 1345 καὶ
1042 1282 1182 1366 σύσκηνον
1205 1282 1385 1364 ἀγαθὸνκαὶ
1408 1282 1440 1353 ἐς
1460 1285 1498 1347 τά

211 1399 236 1443 νυ
249 1380 360 1467 ἔσχατα
382 1385 474 1469 φιλον.
573 1385 645 1448 οἷον
669 1383 695 1448 δ’
715 1384 757 1448 αύ
779 1386 827 1448 καῖ
850 1384 931 1448 τόδε
953 1383 1068 1468 ἔρεξεν
1091 1384 1144 1447 οὑκ
1166 1385 1250 1469 ἀνἠρ
1274 1384 1315 1468 μά
1332 1384 1398 1458 Δία,
1419 1385 1496 1447 ἀλλὰ

249 1487 358 1567 ἀγαθός
373 1487 450 1549 κύων
472 1489 521 1551 καὶ
536 1489 587 1571 τὴν
609 1490 726 1571 γνώμην
742 1487 887 1572 καρτερός,
911 1488 1014 1569 μαθεῖν
1030 1487 1116 1558 ἀξιον.
1151 1488 1167 1549 ὑ
1185 1485 1369 1571 Ἠπειρώτης
1383 1486 1497 1572 Πύρρος

250 1588 412 1673 ώδοιπόρει,
435 1589 499 1653 εῖτα
515 1589 611 1673 μέντοι
632 1591 831 1674 περιτυγχάνει
846 1595 940 1675 νεκρῷ
963 1590 1168 1675 περονευμένιμ
1191 1591 1240 1653 καὶ
1255 1591 1319 1654 κυνὶ
1334 1594 1497 1675 παρεστῶτι

247 1693 295 1754 καὶ
317 1697 488 1776 φρουροῦντι
510 1693 558 1754 τὸν
581 1691 733 1777 δεσπότην,
756 1693 802 1756 ίνα
825 1695 865 1778 μὴ
889 1694 960 1777 πρὸς
982 1698 1024 1778 τῷ
1048 1691 1129 1778 φόνιρ
1153 1694 1265 1779 καὶτῷ
1289 1696 1383 1778 νεκριγῖ
1407 1694 1498 1777 λυμή-

248 1795 332 1877 νηταί
351 1818 402 1864 τις.
446 1792 533 1881 ἔτυχε
555 1796 587 1858 δὲ
609 1794 666 1878 ἀρα
692 1796 787 1879 τρίτην
814 1794 893 1880 ἔχων
921 1795 938 1857 ό
964 1795 1040 1858 κύων
1069 1794 1206 1865 ἀπόσιτος
1231 1796 1283 1879 τὴν
1310 1794 1422 1881 ἡμέραν
1449 1796 1498 1859 ἐπὶ

211 1902 285 1981 νοτῇ
313 1897 462 1983 φιλοπόνιρ
490 1900 538 1962 καὶ
566 1900 798 1982 καρτερικωτάτη
825 1903 947 1983 φρουρᾷ.
991 1898 1063 1983 ὑπερ
1090 1897 1139 1962 οὑν
1167 1899 1315 1984 διδαχθεὶς
1341 1899 1357 1961 ό
1385 1897 1499 1981 Πύρρος

248 2002 296 2063 τόν
319 2000 371 2081 μὲν
393 1997 514 2085 ᾤκτειρε
537 2002 585 2064 καῖ
606 2006 730 2086 ταφῆναι
753 2001 873 2084 ἠξίωσε·
907 2000 956 2063 τόν
978 2024 1010 2083 γε
1035 2003 1091 2085 μὴν
1119 2001 1191 2064 κύνα
1217 2000 1373 2086 προσέταξε
1398 2006 1497 2085 τυχεῖν

248 2105 430 2189 κηδεμονίας,
452 2104 500 2166 καῖ
523 2103 619 2166 ἐδίδου
642 2102 698 2166 όσα
719 2105 781 2166 κυνὶ
803 2104 920 2188 παρόντι
937 2104 971 2165 ἐκ
993 2103 1101 2189 χειρός,
1122 2105 1172 2167 καὶ
1195 2105 1273 2187 μάλα
1287 2127 1319 2186 γε
1342 2103 1426 2166 ίκανοῖ
1448 2103 1498 2166 καῖ

250 2206 360 2291 ἐφολκά
375 2207 415 2276 εἰς
437 2207 489 2289 τὴν
512 2206 615 2268 ἑαυτοῦ
638 2206 732 2289 φιλίαν
747 2227 778 2267 τε
799 2196 847 2269 καί
866 2204 988 2277 εὔνοιαν,
1011 2206 1084 2269 κατὰ
1108 2206 1206 2290 μικρόν
1223 2206 1340 2288 ὑπάγων
1362 2207 1411 2269 τδν
1426 2204 1499 2268 κύνα

251 2310 371 2394 Πύρρος.
405 2311 453 2371 καῖ
474 2312 565 2371 ταῦτα
588 2307 638 2390 μὲν
661 2310 692 2377 ἐς
714 2313 858 2371 τοσοῦτον.
893 2308 955 2372 εἶτα
979 2309 1075 2391 μέντοι
1097 2309 1131 2372 ού
1152 2308 1225 2392 μετὰ
1248 2310 1349 2393 μικρὸν
1371 2307 1499 2377 ἐξέτασις

208 2429 236 2473 νο
249 2415 374 2476 ὁπλιτῶν
397 2412 444 2496 ἦν,
466 2412 514 2473 καῖ
536 2412 552 2472 ό
576 2411 718 2496 βασιλεύς,
742 2413 773 2476 δν
796 2416 942 2495 προεῖπον,
965 2411 1086 2483 ἐθεᾶτο,
1113 2413 1162 2474 καί
1183 2413 1210 2474 οἱ
1232 2416 1327 2496 παρῆν
1349 2412 1459 2481 ἐκεῖνος
1481 2412 1498 2475 ὑ

249 2515 336 2578 κύων.
381 2515 429 2577 καὶ
455 2514 490 2576 τὰ
518 2514 569 2596 μὲν
596 2512 671 2576 ἀλλα
697 2513 798 2576 ἑαυτὸν
825 2519 942 2599 συνεῖχε
965 2516 1012 2577 καὶ
1035 2512 1195 2598 πραότατος
1217 2512 1267 2597 ἦν·
1301 2514 1364 2577 ἐπεῖ
1387 2516 1420 2578 δὲ
1442 2514 1499 2597 ἀρα

249 2618 315 2685 τούς
336 2622 387 2679 τοῦ
410 2615 551 2679 δεσπότου
572 2615 677 2699 φονέας
699 2616 784 2699 ἐντῇ
808 2621 865 2679 τῶν
888 2622 1070 2701 στρατιωτῶν
1093 2616 1168 2680 εἶδεν
1190 2617 1330 2693 ἐξετάσει,
1351 2618 1366 2679 ὑ
1389 2618 1422 2680 δὲ
1444 2615 1499 2679 οὑκ

250 2719 440 2804 ἐκαρτέρησεν
464 2719 589 2781 ἐνταῦθα
612 2718 756 2802 ἀτρεμεῖν,
779 2716 839 2781 ἀλλ’
860 2720 889 2787 ἐς
911 2718 1016 2788 αύτοὺς
1039 2719 1134 2803 ἐπήδα
1156 2720 1205 2782 καὶ
1220 2720 1335 2783 ὑλάκτει
1357 2719 1499 2803 ἀμύσσων

248 2828 307 2892 τοῖς
328 2820 414 2901 ὄνυξι,
437 2822 485 2884 καὶ
505 2821 535 2889 ἐς
556 2822 604 2883 τόν
623 2819 734 2905 Πύρρον
754 2821 815 2903 ἅμα
838 2821 1082 2905 ἐπιστρεφόμενος
1105 2825 1144 2891 ῶς
1167 2821 1227 2891 οἷός
1248 2846 1279 2885 τε
1300 2820 1347 2906 ἦν,
1373 2822 1376 2907 1
1398 2822 1553 2905 ἐτη-νοοῦν

207 2942 312 3008 νογετο
336 2926 464 3010 μάρτυρα
487 2922 530 2985 ότι
552 2923 608 3007 ἀρα
629 2923 696 2992 τοὺς
719 2923 912 3008 ἀνδροφόνους
938 2922 1011 3010 ἔχει.
1056 2925 1163 2988 οὐκοῦν
1191 2922 1310 2987 ὑπόνοια
1336 2925 1499 3010 εἰσέρχεται

248 3030 296 3093 καὶ
323 3029 371 3090 τόν
394 3026 514 3111 βασιλέα
536 3027 584 3088 καῖ
606 3026 673 3095 τοὺς
695 3031 888 3110 περιεστῶτας
909 3026 1010 3103 αὐτόν,
1039 3029 1086 3090 καὶ
1112 3031 1258 3090 ποιοῦνται
1285 3027 1419 3112 ἐνθύμιον
1446 3028 1499 3110 τὴν

250 3135 301 3194 τοῦ
322 3130 406 3198 κυνὸς
429 3128 538 3211 ὑλακὴν
553 3128 650 3211 τίμιός
672 3128 738 3198 τοὺς
753 3130 989 3214 προειρημένους.
1023 3130 1071 3193 καὶ
1083 3128 1310 3214 ,συλληφθέντες
1331 3131 1499 3214 στρεβλοῦν·

250 3258 305 3309 ται,
328 3234 376 3296 καὶ
398 3236 533 3294 κατεῖπον
556 3229 611 3294 όσα
633 3229 805 3316 ἐτόλμησαν.
844 3234 891 3296 καῖ
915 3235 996 3296 δοκεῖ
1017 3233 1068 3314 μὲν
1093 3233 1186 3315 μῦθος
1207 3236 1296 3296 ταῦτα
1319 3238 1378 3302 τοῖς
1399 3232 1499 3302 άλλοις

249 3336 313 3400 όσοι
327 3336 395 3404 Διός
408 3330 570 3418 Ἑταιρείου
595 3334 642 3396 καῖ
657 3333 761 3396 Φιλίου
783 3335 831 3397 τόν
855 3335 966 3418 θεσμόν
981 3337 1161 3419 πατήσαντες
1184 3334 1246 3398 εἶτα
1269 3335 1366 3418 μέντοι
1388 3337 1499 3405 ζῶντας

196 3593 213 3645 3
236 3592 331 3661 κυνῶν]
351 3592 407 3645 Λτῖ.
420 3596 474 3643 nat.
488 3591 567 3643 anim.
580 3590 628 3643 ῖἸῖ
643 3590 675 3642 10
692 3593 728 3658 (ρ.
745 3590 987 3656 176‚‘28-178,1·2
1006 3591 1109 3654 Ποντῖν.)

196 3735 328 3744 ...ιι-ι--
343 3734 406 3741 ---.
423 3731 596 3739 --...—-—..-

199 3818 211 3870 l
235 3815 336 3885 γλώττη
355 3816 413 3868 Δεῖ.
561 3815 604 3866 καῖ
626 3814 656 3884 νὴ
675 3815 746 3868 ML:
769 3816 842 3886 καινὴ
863 3817 884 3867 Ι)
1033 3815 1049 3866 2
1073 3821 1151 3881 πῶμα
1170 3815 1282 3867 Ποντῖνον
1427 3814 1445 3867 3
1467 3820 1552 3867 κυνῶν

195 3906 289 3972 (prima
308 3904 393 3955 ῖῖῖῖονα
411 3902 507 3955 omissa
524 3918 540 3953 ο
558 3903 726 3967 νυῖννῖταῖυνο)
744 3904 765 3955 ῖ)
784 3904 906 3956 Heu-her:
929 3902 1001 3960 κυνός
1018 3902 1074 3955 οῖοῖ.
1183 3902 1272 3960 αὑτούς
1291 3903 1311 3954 ῖ)
1330 3902 1453 3955 Ηοντῖνονι
1475 3902 1552 3955 αὑτὸν

198 3992 253 4044 Λοῖ.
353 3988 509 4060 όὲμφιλίων
525 3990 548 4041 Ι)
566 3997 595 4042 ut
614 3989 740 4058 ἐμφυλίων
759 3993 904 4044 coniecerat
921 3991 1026 4042 ῖῖοῖοῖνοι
1045 3989 1163 4058 ἐμφύλιον
1181 3991 1361 4042 .1οῖ.ῖῖονι·ῖιον
1466 3990 1482 4041 ἵν
1502 3990 1552 4063 ῥω-

197 4078 271 4146 ραῖον
291 4078 358 4130 νῖοῖ.;
383 4077 503 4149 ῥωμαῖων
522 4078 544 4129 1)
661 4076 676 4128 ’ῖ
700 4076 776 4129 αὑτοῦ
796 4079 816 4130 l)
837 4079 905 4131 ,ῖολν
930 4077 998 4145 αὑτῷ
1020 4078 1129 4129 Ποντῖνον
1254 4078 1286 4129 10
1303 4074 1353 4130 τόδ’
1372 4076 1482 4129 Ποντῖνον

196 4164 278 4237 ἔρρεξε
295 4172 341 4217 ουν.
359 4164 455 4234 ἔρρεξεν
474 4165 529 4217 νῖοῖ.
549 4165 622 4217 τυιῖιῖ.
764 4164 816 4217 ἀλλ’
836 4166 891 4217 λοῖ.
1035 4166 1064 4216 12
1090 4167 1171 4234 νεκρῷ
1191 4165 1212 4215 ῖῖ
1231 4164 1300 4217 Δεῖν
1326 4164 1420 4217 delevit
1439 4164 1552 4217 Ποντῖνον

200 4254 231 4305 13
253 4253 297 4305 καῖ
314 4254 398 4320 μέντοι
416 4253 459 4305 καῖ
477 4258 623 4324 φρουροῦντι
643 4252 699 4305 Αοῖ.
835 4253 878 4304 καῖ
896 4255 934 4323 τηῖ
952 4255 1033 4321 νεκρηῑ
1051 4253 1073 4303 ῖῖ
1093 4252 1216 4305 Ποντῖνονι
1239 4254 1282 4304 καῖ
1301 4252 1384 4319 μέντοι
1402 4252 1445 4303 καὶ
1463 4250 1552 4321 νεκρόν

197 4341 253 4394 Λοῖ.
356 4339 442 4393 13.14
463 4339 603 4411 λυμηνηταί
621 4340 643 4392 D
662 4339 719 4393 Αοῖ.
828 4341 858 4392 14
883 4340 995 4392 Ποντῖνον
1011 4341 1135 4408 proponit
1153 4339 1226 4410 ἔτυχε
1243 4339 1269 4392 δὲ
1289 4339 1337 4411 ἀρα
1354 4338 1440 4408 τρίτην
1457 4335 1552 4407 ταύτην

197 4428 264 4498 ἔχων
283 4426 295 4479 ὑ
314 4426 383 4479 κύων
401 4427 517 4486 ἀπόσιτος
535 4427 630 4497 ἡμέραν
768 4427 798 4478 ῖθ
821 4432 929 4496 ταφῆναι
948 4428 982 4479 D:
1006 4431 1087 4496 ταφῆς
1106 4428 1161 4479 Ατῖ.
1306 4426 1336 4478 ῖῖ
1359 4425 1462 4497 παρόντι
1480 4424 1550 4477 Aah:

196 4514 286 4587 παρότι
305 4516 339 4565 D:
363 4514 474 4585 ὀρέγεται
494 4516 604 4568 Ποντῖνον
719 4514 750 4566 18
774 4513 869 4583 ἐφολκιῖ
892 4514 962 4567 ,δεῖν
986 4513 1131 4583 ἐφολικάῖ)
1244 4514 1309 4566 κατὰ
1327 4514 1405 4584 μικρὰ
1422 4512 1480 4565 Λοῖ.

200 4602 230 4653 19
249 4600 262 4653 ὑ
280 4598 375 4671 Πύρρος
392 4602 449 4655 νῖοῖ.
552 4602 640 4671 μικρὸν
656 4602 678 4653 1)
698 4602 766 4654 νῖοῖ.;
785 4601 882 4669 μακρόν
899 4603 1010 4654 Ποντῖνον
1116 4600 1148 4653 21
1169 4609 1264 4673 συνεῖχε
1282 4602 1316 4653 D:
1336 4603 1391 4671 σιγῇ
1409 4600 1461 4669 εἶχε
1479 4598 1550 4651 ,λεῖα

196 4692 251 4759 σιγῇ
270 4696 370 4759 κατεῖχε
389 4690 501 4743 ῖῖεντῖνεν
633 4689 666 4740 ’22
691 4688 748 4741 ὑδὲ
767 4689 801 4741 ῖ);
827 4687 867 4739 όδε
887 4690 955 4741 λεῖα
980 4688 1038 4741 όδὲ
1057 4689 1168 4742 Ποντῖνον
1299 4688 1332 4739 23
1357 4686 1421 4739 ἀλλὰ
1439 4688 1552 4743 Ποντῖνον

197 4776 231 4829 24
255 4776 307 4845 ἀμα
328 4778 347 4828 l)
368 4777 437 4829 ,δεῖν
461 4776 532 4845 θαμά
549 4777 646 4828 θυνοῖνε·
761 4776 794 4827 θῖ
818 4774 915 4845 ὑλακὴν
935 4776 1002 4827 θυῖε
1028 4776 1139 4846 ὑλακτὴν
1159 4778 1180 4828 11
1297 4776 1330 4827 28
1355 4774 1438 4835 ἀλλοις
1456 4776 1551 4829 (ῖοῖονῖῖ

198 4864 309 4918 ῖῖενοῖιτν
432 4864 464 4915 29
488 4863 530 4916 τόν
548 4862 639 4933 θεσμόν
661 4865 693 4916 ῖῖε
717 4868 761 4916 τοῦ
780 4862 856 4916 αὑτοῦ
876 4862 967 4933 θεσμὸν
987 4864 1042 4917 λυῖ.
