3510 5610
191 289 219 327 vr
766 276 962 330 PRAEFATIO

189 454 279 514 textu
300 448 404 531 qualis
431 469 514 514 nunc
535 447 672 513 habetur
693 448 886 515 Aristoteleo
909 457 1121 533 proposuerat
1143 448 1301 532 quasdam
1323 449 1542 533 Theophrasti

190 567 371 633 testimonio
395 565 597 632 confirmatas
618 567 804 652 invenisset,
833 568 925 651 alias,
953 568 1075 651 opinor,
1105 576 1161 633 aut
1183 576 1390 635 retractasset
1411 576 1478 654 aut,
1506 579 1544 640 ut

190 694 260 752 erat
283 686 439 751 candidus
462 707 589 770 semper
612 695 644 751 et
668 678 811 753 sincerus
833 687 882 753 sui
904 687 1010 770 iudex,
1034 687 1206 754 reiecisset.

276 804 368 883 Quod
390 805 423 869 in
445 805 507 868 hoc
530 806 643 871 libello
664 807 864 890 possidemus
887 806 1041 871 Prisciani
1064 806 1098 871 id
1120 807 1227 888 magni
1256 808 1362 890 operis
1384 808 1545 892 fragmen·

191 934 257 989 tum
280 932 329 989 est
352 932 506 1007 perpetue
530 926 757 990 commentario
780 926 931 992 universa
940 924 1157 1008 Theophrasti
1180 924 1320 1010 Physica
1341 927 1544 994 illustrantis.

191 1052 263 1109 octo
293 1044 377 1109 enim
413 1042 539 1106 omnino
563 1045 773 1130 Physicorum
801 1044 912 1110 libros'
928 1064 998 1110 cum
1021 1042 1263 1126 Theophrastus
1290 1047 1544 1130 conscripsisset,

190 1184 323 1247 quorum
350 1163 424 1245 duo,
451 1169 583 1245 qrrartus
610 1170 642 1228 et
671 1163 809 1248 quintus,
841 1169 924 1230 teste
953 1161 1129 1228 Themistio
1159 1161 1212 1247 (cf.
1242 1162 1368 1230 Usener
1396 1167 1566 1233 Analect-

190 1283 351 1366 Theophr.
377 1305 407 1366 p.
423 1283 457 1368 8)
490 1283 530 1349 de
558 1282 674 1359 Anima
703 1293 820 1367 essent,
854 1283 966 1346 horum
1000 1302 1063 1346 non
1090 1281 1152 1346 nisi
1187 1283 1287 1365 quinti
1318 1283 1544 1369 interpretatio

190 1402 432 1486 bletaphrastae
464 1421 505 1467 cx
531 1401 699 1484 naufragio
728 1403 904 1468 litterarum
937 1400 1139 1483 antiquarum
1167 1415 1297 1468 servata
1319 1404 1414 1470 hodie
1437 1414 1543 1471 extat:

191 1528 280 1588 extat
301 1509 409 1586 autem
432 1528 464 1585 et
486 1520 559 1603 ipsa
580 1521 702 1605 mutila,
736 1542 807 1588 enm
830 1520 949 1586 omissa
978 1519 1041 1584 sint
1063 1530 1095 1584 et
1121 1520 1154 1584 in
1178 1522 1282 1588 medio
1306 1524 1387 1589 libro
1410 1525 1542 1608 capituli

190 1645 255 1728 περὶ
277 1642 434 1728 φαντασίας
456 1641 561 1705 exitus
582 1640 778 1725 capitulique
799 1641 865 1725 περὶ
887 1643 938 1703 voi
965 1638 1089 1703 initium
1113 1648 1145 1705 et
1170 1641 1202 1704 in
1226 1651 1368 1709 extremo
1398 1645 1479 1709 libro
1502 1665 1544 1711 ca

190 1760 305 1845 quibus
328 1761 438 1825 clausa
460 1766 530 1825 crat
552 1759 738 1845 disputatio,
761 1758 928 1844 archetypi
950 1765 985 1824 ut
1000 1759 1127 1824 videtur
1152 1760 1237 1827 foliis
1262 1762 1387 1847 aliquot
1408 1765 1542 1830 avulsis.

276 1878 412 1945 Codices
434 1878 467 1942 in
490 1878 551 1944 hac
573 1879 714 1946 editione
735 1879 932 1945 instituenda
953 1879 1088 1944 adhibiti
1111 1888 1185 1944 sunt
1211 1889 1347 1965 septem:

141 2000 167 2064 L
274 2000 299 2063 Ι.
336 2000 580 2063 Lanssnrmnus
595 1998 789 2064 LXXXVII.
798 1986 848 2063 '20
870 1996 1078 2083 bombycinus
1093 2000 1126 2064 in
1142 1999 1163 2062 t
1179 1999 1299 2065 maiore
1314 2001 1434 2067 saeculi
1451 2002 1544 2086 xlv3

191 2119 231 2185 de
254 2141 316 2203 quo
340 2119 379 2185 cf.
400 2118 538 2184 Bandini
561 2117 630 2183 Cat.
654 2119 745 2182 codd.
769 2118 881 2183 Graec.
906 2116 1125 2184 Bibliothecae
1146 2119 1386 2186 Laurentiauae
1409 2122 1450 2186 ll.
1467 2122 1541 2187 405.
1597 2208 1602 2215 ,

190 2237 405 2323 bletaphrasis
420 2237 575 2304 Prisciani
598 2238 630 2303 in
646 2238 731 2304 foliis
747 2243 797 2302 est
813 2237 991 2319 lot-170,
1015 2258 1166 2320 perverso
1183 2245 1290 2304 tamen
1307 2259 1412 2305 rerum
1430 2240 1544 2308 ordine

191 2379 262 2424 cum
285 2377 429 2441 eaquae
451 2357 492 2424 de
508 2357 612 2423 Sensu
635 2368 708 2422 sunt
730 2356 938 2441 posteriorem
961 2355 994 2420 in
1010 2357 1119 2422 codice
1141 2356 1544 2447 locum(foll.163-170)

191 2485 335 2563 teneant3
372 2499 466 2562 quem
494 2497 632 2544 errorem
667 2497 731 2541 non
758 2474 961 2558 glutinatoris
994 2475 1161 2540 socordiae
1188 2476 1436 2543 adscribendum
1470 2462 1544 2546 ‘csse

189 2605 302 2662 auctor
323 2596 400 2661 mihi
423 2604 472 2663 est
493 2597 531 2662 Ε.
547 2596 670 2662 Pistelli
690 2596 895 2661 Florentinus
918 2615 1012 2678 quem
1035 2595 1076 2660 dc
1099 2595 1160 2660 hac
1182 2615 1217 2661 re
1241 2616 1298 2680 per
1321 2596 1446 2663 litteras
1468 2619 1543 2664 con-

190 2716 281 2781 sului.
326 2714 540 2782 correctiones
563 2716 666 2781 codex
689 2713 786 2780 habet
801 2715 922 2798 passim
944 2715 997 2780 vel
1012 2734 1110 2798 supra
1132 2734 1259 2780 versum
1275 2717 1328 2781 vel
1350 2716 1382 2781 in
1398 2718 1545 2800 margine

189 2835 364 2919 adpositas,
392 2841 424 2900 et
446 2835 515 2919 ipse
539 2834 666 2918 quidem
689 2833 878 2917 descriptus,
913 2833 946 2898 ni
974 2832 1076 2913 fallor,
1112 2855 1152 2900 ex
1178 2836 1354 2922 archetypo
1377 2837 1426 2902 sui
1449 2836 1546 2902 simil-

189 2954 276 3036 limo,
311 2953 400 3019 cuius
422 2955 567 3038 duplices
588 2953 763 3038 scripturas
792 2952 826 3017 in
848 2971 945 3016 unam
968 2950 1111 3017 confudit
1138 2974 1366 3038 nonnunquam
1395 2956 1545 3021 librarius

190 3126 438 3211 Laurentianus;
460 3147 534 3192 nam
550 3128 667 3211 ἀγνοοίη
682 3127 727 3212 (p.
744 3124 851 3210 31,19)
874 3146 914 3192 ex
929 3075 1036 3208 epod,
1059 3127 1215 3198 εἰδικτικάς
1229 3127 1273 3213 (lt.
1289 3128 1377 3214 5‚18;
1400 3128 1439 3195 cf.
1456 3128 1544 3214 aad)

191 3337 231 3383 ex
246 3267 380 3387 εἰὸῗτικάς
402 3316 435 3402 (i.
451 3337 479 3383 c.
495 3267 642 3403 altinatis)
666 3323 767 3383 ortum
784 3336 856 3382 csse
871 3318 1017 3400 apparet.
1055 3317 1188 3382 contulit
1203 3318 1418 3402 Hieronymus
1434 3318 1544 3385 Vitelli

190 3435 408 3521 Florentinum
431 3457 506 3502 mox
528 3436 651 3519 aliquot
671 3435 704 3500 in
728 3433 806 3499 locis
827 3454 898 3499 mco
922 3442 1037 3517 rogatu
1057 3436 1173 3502 iterum
1194 3437 1335 3522 inspexit
1353 3439 1391 3502 E.
1408 3437 1542 3504 Pistelli.

144 3554 168 3618 B
273 3555 315 3619 II.
361 3556 560 3620 Basannruns
590 3555 631 3620 11.
651 3554 693 3619 58
719 3552 799 3639 (foll.
820 3552 970 3639 30-45)
999 3554 1120 3619 saeculi
1142 3555 1229 3621 XVI.
1273 3556 1410 3621 eundem
1437 3577 1544 3622 rerum

191 3673 335 3738 ordinem
358 3673 456 3740 habet
477 3695 516 3740 ac
538 3674 783 3756 Laurentianus,
810 3691 946 3756 quocum
969 3673 1066 3739 etiam
1088 3674 1121 3738 in
1144 3675 1295 3742 universa
1319 3675 1478 3758 scriptura
1499 3676 1546 3739 ita

191 3792 349 3857 consentit
371 3801 406 3857 ut
428 3792 471 3857 ab
487 3812 525 3858 co
541 3801 626 3858 totus
648 3792 790 3875 pendere
811 3786 969 3857 videatur.
1014 3799 1064 3857 est
1085 3798 1192 3858 autem
1216 3794 1345 3859 mutilus
1367 3792 1488 3859 amissa
1512 3794 1543 3858 in

190 3910 330 3994 capitulo
347 3912 412 3996 περὶ
428 3911 596 3994 αἰσθήσεως
611 3919 717 3977 textus
732 3919 823 3996 parte
839 3930 879 3976 ea
893 3930 977 3994 quae
991 3918 1040 3977 cst
1055 3912 1097 3976 ab
1112 3913 1165 3976 οὐκ
1179 3912 1380 3997 αἰσθανόμεθα
1395 3912 1440 3998 (p.
1458 3913 1545 3999 173)

191 4050 289 4113 usque
311 4030 354 4094 ad
376 4028 471 4095 finem
493 4029 634 4114 capituli,
667 4031 791 4096 duobus
817 4030 939 4097 scilicet
964 4030 1049 4095 loliis
1077 4031 1109 4095 in
1132 4039 1276 4099 extremo
1299 4032 1410 4098 codice
1432 4031 1545 4116 deper-

189 4149 274 4213 ditis.
319 4147 459 4214 excussit
480 4148 625 4229 Ignatius
649 4147 745 4212 Guidi
768 4148 940 4212 Romanus.

145 4264 173 4343 Q
280 4267 338 4331 ΙΙΙ.
382 4266 551 4355 proteruus
575 4266 689 4332 Graec.
705 4268 789 4332 2073
812 4262 892 4351 (toll.
912 4269 1092 4354 rac-169)
1115 4241 1317 4355 chartaceus;
1350 4271 1390 4336 de
1417 4292 1481 4354 quo
1504 4272 1544 4337 ci.

96 4452 99 4457 ,
191 4383 261 4467 Qat.
291 4383 384 4448 codd.
410 4384 500 4450 MSS.
530 4385 749 4450 Bibliothecae
774 4385 895 4467 Regiae
915 4387 957 4451 Il.
973 4389 1046 4453 439.
1092 4396 1244 4453 exaratus
1271 4397 1320 4453 est
1354 4391 1403 4471 (ut
1429 4410 1481 4456 mc
1504 4392 1544 4456 Η.

191 4501 308 4567 Omont
330 4502 433 4588 docet,
456 4503 683 4585 sagacissimus
699 4503 811 4568 harum
827 4524 931 4570 rerum
952 4505 1176 4591 investigator)
1199 4528 1297 4572 manu
1320 4507 1545 4594 Christopbori

190 4620 286 4686 Aucri
313 4622 444 4687 natione
471 4622 623 4688 Germani
657 4622 739 4687 cirea
768 4642 887 4687 anuum
913 4623 994 4689 1545
1023 4625 1145 4691 Romae
1171 4625 1314 4692 florentis
1347 4626 1400 4712 (cf.
1430 4628 1547 4694 Gardt-

191 4739 313 4805 hausen
346 4739 401 4806 Gr.
426 4741 493 4805 Pal.
518 4762 548 4823 p.
566 4741 659 4826 3ll);
699 4742 874 4806 translatus
907 4750 1015 4807 autem
1048 4743 1209 4809 Lutetiam
1244 4744 1276 4808 in
1312 4744 1545 4814 Bibliothecam

191 4857 322 4943 Regiam
346 4858 408 4922 iam
431 4866 507 4924 ante
530 4878 648 4923 aunum
666 4859 757 4924 1550.
802 4860 922 4943 pendet
943 4881 984 4926 ex
1006 4861 1116 4928 codice
1135 4862 1343 4928 Laurentiani
1367 4844 1544 4948 simillim03
