3510 5610
199 299 240 364 28
376 297 626 353 ARISTOPHANIS
644 298 828 353 HISTORIAE
850 297 1042 352 ANIMALIUM
1061 297 1210 351 EPITOME
1229 297 1374 365 189-93

251 471 372 554 θήσεται
395 476 414 557 ἡ
438 474 550 558 μορφή,
577 473 627 536 ἐάν
651 495 681 535 τε
703 471 786 556 άρρεν
810 472 859 536 ἐάν
882 496 913 535 τε
937 472 1022 556 θῆλυ.
1067 472 1116 535 ἐάν
1139 473 1171 535 δέ
1193 458 1365 557 ἀμφοτέρων
1388 497 1495 558 πεπεμ·
1509 481 1544 538 δι’)
1647 467 1651 477 “

254 574 358 658 μένων,
381 576 476 660 ἀρρεν,
499 575 597 660 ὅμοιον
614 576 646 638 δέ
668 579 704 658 τῇ
729 575 823 659 μητρί.
862 574 911 637 ἐὰν
934 576 966 638 δὲ
985 574 1157 660 ἀμφοτέρων
1180 574 1327 655 ἀπέπτων,
1350 579 1499 662 γενήσεται
1513 593 1540 637 ισ

253 677 330 760 θῆλυ
353 680 400 742 καί
423 678 522 764 όμοιον
544 684 586 763 τῷ
609 678 703 762 πατρί.

333 782 406 864 (90)
438 780 482 845 T&
512 783 544 845 δέ
573 783 721 864 τερατώδη
751 782 798 844 καὶ
827 781 1024 843 πλεονάσαντα
1053 780 1072 863 ἢ
1103 780 1270 845 ἐλλείποντα
1299 784 1359 850 τοῖς
1389 784 1498 867 μορίοις

223 881 310 945 οοῖον
332 884 482 953 δακτύλοις
505 884 523 967 ἢ
546 885 629 947 ποσὶν
652 883 670 966 ἢ
694 882 792 952 ἄλλοις
813 884 891 967 παρὰ
914 883 965 965 την
990 888 1042 965 τῆς
1064 882 1135 967 ύλης
1162 883 1265 964 γίνεται
1289 884 1307 966 ἢ
1331 876 1496 970 έλλειψινῆ

249 985 440 1070 πλεονασμόν.
479 985 527 1048 ἐάν
550 987 601 1068 μέν
623 985 675 1068 γὰρ
698 987 803 1048 πλείων
827 986 946 1069 ύπάρχη
969 987 988 1068 ἡ
1011 985 1066 1068 ύλη
1089 986 1107 1067 ἦ
1131 985 1198 1048 δσον
1222 987 1268 1048 δεῖ
1287 985 1496 1052 καθ’·έκαστον
1510 1007 1539 1048 ευ

250 1086 367 1171 μόριον,
396 1093 480 1152 τοῦτο
509 1090 669 1151 πλεονάσαν
699 1090 816 1150 διπλοῦν
846 1089 865 1171 ἢ
895 1091 1027 1172 τριπλοῦν
1057 1089 1169 1170 γίνεται.
1221 1089 1270 1152 ἐὰν
1301 1091 1333 1153 δέ
1363 1091 1447 1173 ἧττον
1478 1093 1496 1175 ἡ

249 1190 391 1267 ἐλλεῖπον,
414 1192 487 1254 κατὰ
509 1195 592 1254 τούτο
614 1192 647 1254 τδ
671 1191 769 1274 μόριον
790 1190 895 1271 γίνεται
916 1187 962 1274 ἐφ’
983 1189 1017 1252 ού
1043 1189 1091 1252 καὶ
1114 1190 1242 1254 ἐνέλιπεν
1264 1193 1282 1276 ἡ
1307 1192 1361 1278 όλη
1386 1194 1495 1278 μορίου,

252 1293 311 1355 οῖον
333 1296 431 1378 χειρὸς
446 1295 465 1377 ἦ
482 1293 621 1357 δακτύλου
645 1294 664 1377 ἢ
687 1298 743 1356 τών
766 1293 873 1368 ἀλλων,
897 1293 1023 1375 ώστετη
1041 1293 1096 1376 ύλη
1120 1299 1172 1376 τῆς
1191 1295 1309 1377 θηλείας
1332 1297 1383 1379 τὴν
1406 1297 1497 1359 αἰτίαν

197 1410 253 1454 οισι
267 1400 324 1458 τῶν
350 1398 475 1480 τεράτων
502 1398 661 1460 ἀπολιπεῖν.
762 1394 833 1477 (91)
858 1395 962 1477 γίνεται
987 1396 1019 1458 δὲ
1047 1399 1086 1464 ώς
1113 1396 1160 1458 ἐπὶ
1187 1397 1260 1460 πολὺ
1287 1403 1377 1461 ταῦτα
1406 1396 1409 1484 ]
1438 1403 1497 1468 τοῖς

209 1516 233 1560 11
248 1499 418 1568 πολυτόκους
438 1505 496 1562 τῶν
520 1498 614 1584 ζῴων,
639 1501 681 1563 διδ
702 1500 825 1581 μάλιστα
842 1499 871 1561 ἐν
888 1501 949 1567 ταῖς
969 1498 1153 1580 ἀλεκτορίσιν,
1177 1500 1262 1582 ἦττον
1283 1501 1315 1563 δὲ
1332 1502 1495 1588 ἀνθρώπων
1511 1519 1539 1561 ετ

250 1603 405 1687 μονοτόκον
427 1602 480 1687 γὰρ
504 1605 544 1671 ὡς
566 1603 598 1664 τδ
621 1602 694 1665 πολὺ
717 1626 735 1684 η
758 1604 846 1686 γυνη·
880 1599 968 1684 (ἐπεὶ)
990 1599 1020 1663 εί
1038 1625 1094 1663 που
1117 1602 1270 1665 πολυτόκοι
1291 1602 1347 1687 (αἱ)
1368 1612 1497 1688 γυναῖκες

251 1709 292 1774 ὡς
314 1706 344 1768 ἐν
368 1705 521 1789 Αἰγύπτῳ,
549 1705 669 1773 ἐκείναις
690 1707 838 1788 τερατώδη
865 1704 1051 1788 ἐπιχωριάζει
1078 1703 1213 1784 γίνεσθαι.
1295 1706 1368 1789 (92)
1394 1708 1498 1792 τέρατα

249 1808 282 1871 δέ
303 1809 378 1872 ἐστιν
402 1807 435 1870 ού
459 1806 545 1890 μόνον
569 1806 604 1870 τά
626 1809 820 1880 πλεονάζοντα
841 1807 860 1890 ἢ
884 1806 1050 1868 ἐλλείποντα
1077 1810 1137 1874 τοῖς
1163 1807 1245 1875 ἐκτδς
1273 1809 1393 1892 μορίοις,
1422 1812 1496 1874 ἀλλά

210 1926 236 1972 15
249 1913 297 1975 καί
318 1915 378 1980 τοῖς
400 1912 488 1978 ἐντός.
533 1911 581 1973 καί
602 1910 655 1993 γὰρ
679 1909 729 1972 δύο
753 1911 882 1994 σπλῆνάς
905 1931 965 1971 τινα
988 1909 1082 1971 ὦπται
1104 1906 1210 1993 ἔχοντα
1237 1911 1285 1973 καλ
1313 1912 1363 1974 ἕνα
1392 1915 1495 1996 νεφρόν

250 2016 297 2078 καλ
320 2014 371 2077 δύο
393 2016 500 2098 ἥπατα,
524 2013 658 2096 ἀκάρδιον
681 2014 713 2075 δέ
735 2012 817 2075 οὐδὲν
841 2013 934 2075 ὦπται
955 2010 1024 2073 οὐδὲ
1045 2013 1196 2095 δικάρδιον.
1235 2017 1290 2075 τῶν
1314 2015 1346 2077 δὲ
1368 2015 1491 2099 ἐναίμων
1504 2025 1538 2082 36

250 2117 307 2202 ἤδη
330 2117 426 2179 ὦπταί
438 2139 499 2179 τινα
522 2121 579 2178 τῶν
602 2116 681 2183 ἐντὸς
703 2117 750 2178 καὶ
771 2113 964 2200 διηλλαγμένα
986 2115 1138 2198 σπλάγχνα
1161 2112 1275 2199 ἔχοντα,
1299 2117 1359 2180 οἷον
1383 2122 1496 2200 σπλῆνα

249 2221 300 2302 μὲν
324 2221 354 2283 ἐν
376 2225 436 2289 τοῖς
457 2219 568 2298 δεξιοῖς,
590 2219 623 2281 τὸ
646 2220 678 2281 δὲ
700 2218 778 2302 ἧπαρ
801 2219 830 2281 ἐν
853 2220 912 2286 τοῖς
934 2215 1103 2299 εὐωνύμοις.
1471 2218 1479 2233 ’

331 2322 402 2405 (93)
430 2319 509 2384 Βοοῖν
532 2321 564 2383 δὲ
586 2320 676 2384 οἴεται
698 2320 809 2389 εὐθέως
831 2320 867 2383 τὰ
887 2319 1039 2403 τικτόμενα
1054 2319 1127 2382 κατὰ
1143 2322 1284 2404 συστολὴν
1300 2327 1357 2384 τῶν
1374 2324 1522 2406 ἀγγείωνο

207 2441 234 2484 ου
248 2427 295 2488 καὶ
317 2424 390 2489 κατὰ
413 2425 545 2507 σπασμὸν
568 2424 615 2486 διά
637 2424 689 2507 τὴν
711 2428 761 2487 τοῦ
785 2421 1011 2508 περιεσχηκότος
1032 2421 1107 2485 αὐτὰ
1134 2421 1218 2505 ἀέρος
1244 2423 1427 2508 ψυχρότητα·
1463 2428 1497 2492 ἔκ

195 2666 212 2718 4
236 2667 268 2718 τὰ
289 2664 314 2717 δὲ
336 2661 477 2733 τερατώδη]
499 2662 580 2714 Arist.
595 2677 682 2729 gener.
697 2657 838 2713 anim.A4
860 2677 886 2728 ρ.
899 2659 1007 2711 772113
1032 2665 1085 2711 τῶν
1108 2658 1134 2711 δὲ
1157 2659 1344 2720 πλεοναζόντων
1367 2665 1461 2734 μορίων
1484 2669 1551 2736 παρὰ

195 2751 267 2823 φύσιν
285 2751 314 2804 τὸ
333 2750 394 2802 αύτδ
412 2749 490 2801 αίτιον
508 2750 551 2800 καὶ
569 2753 614 2817 τῆς
633 2748 811 2816 διδυμοτοκίας.
843 2747 891 2818 ἤδη
910 2747 956 2815 γὰρ
975 2747 1066 2805 ἐντοῖς
1084 2746 1196 2816 κυημασι
1214 2747 1340 2816 συμβαίνει
1358 2750 1387 2802 τδ
1406 2752 1491 2815 αίτιον,
1510 2754 1552 2806 ἐὰν

116 2868 121 2875 ·
195 2840 273 2892 πλείω
296 2837 357 2908 ὕλη-ν
380 2836 488 2906 συστηοη
511 2836 526 2905 ἣ
549 2836 614 2888 κατὰ
637 2837 682 2905 τὴν
704 2839 748 2888 τού
771 2837 857 2903 μορίου
879 2833 958 2904 φύσιν.
994 2834 1051 2886 τότε
1073 2835 1119 2903 γὰρ
1144 2834 1269 2903 συμβαίνει
1292 2837 1338 2902 μὲν
1361 2838 1445 2906 μόριον
1469 2842 1551 2909 μεῖζον

196 2933 248 2979 τῶν
270 2925 353 2978 ἄλλων
377 2923 455 2995 ἐχειν,
479 2923 528 2975 οίον
551 2922 672 2975 δάκτυλον
694 2921 710 2993 ἢ
734 2930 806 2992 χεῖρα
826 2921 842 2992 η
864 2921 928 2974 πόδα
947 2922 963 2992 ἦ
982 2941 1005 2974 τι
1023 2928 1075 2973 τῶν
1094 2921 1177 2974 όθλων
1195 2922 1361 2993 ἀκρωτηρίων
1379 2924 1395 2995 ἢ
1415 2924 1512 2994 μελῶν,
1534 2928 1550 2999 ἡ

196 3014 338 3085 σχισθέντος
355 3018 400 3064 τοῦ
418 3013 547 3082 κυήματος
566 3010 643 3063 πλείω
662 3008 778 3078 γίνεσθαι,
797 3008 910 3080 καθάπερ
928 3012 1016 3068 ἐντοῖς
1034 3017 1154 3077 ποταμοῖς
1166 3010 1191 3061 α1
1204 3009 1275 3061 δῖναι.
1303 3011 1403 3082 καὶγὰρ
1417 3014 1442 3065 ἐν
1455 3014 1551 3074 τούτοις

195 3102 224 3155 τὸ
247 3102 380 3172 φερόμενον
403 3100 476 3170 ὑγρὸν
500 3100 542 3151 καὶ
566 3099 660 3167 κίνησιν
682 3097 740 3168 ίχον
759 3097 788 3149 ἀν
807 3097 966 3170 ἀντικρούση,
988 3096 1031 3150 δύο
1051 3096 1076 3157 ἐξ
1096 3097 1147 3155 ἐνδς
1165 3098 1272 3166 γίνονται
1291 3099 1427 3163 συστάσεις,
1449 3100 1551 3171 ἔχουσαι

196 3191 242 3261 την
266 3189 344 3258 αύτὴν
367 3190 476 3258 κίνησιν·
505 3186 546 3239 τδν
570 3185 645 3238 αύτδν
668 3185 694 3238 δέ
717 3185 809 3255 τρόπον
832 3187 876 3238 καὶ
899 3187 938 3238 ἐπὶ
961 3192 1012 3238 τῶν
1035 3186 1173 3253 κυημάτων
1197 3184 1332 3253 συμβαίνει.
1363 3186 1394 3238 cf.
1413 3203 1438 3255 p.
1452 3187 1551 3241 77026.

197 3277 314 3329 7701128,
333 3275 441 3328 7721235
595 3274 626 3326 10
650 3271 751 3342 γίνεται]
771 3272 851 3325 Arist.
864 3288 950 3341 gener.
964 3274 1042 3324 anim.
1055 3268 1104 3323 Δ4
1125 3289 1151 3340 p.
1165 3271 1253 3323 77027
1278 3271 1315 3324 διδ
1334 3274 1376 3324 καλ
1394 3275 1502 3343 γίνονται
1520 3278 1552 3328 τά

167 3405 169 3411 .
196 3371 297 3418 τοιαῦτα
315 3371 367 3417 τῶν
380 3365 491 3432 τεράτων
510 3364 536 3415 ἐν
554 3363 599 3430 μὲν
612 3369 661 3418 τοῖς
680 3359 826 3428 μονοτόκοις
839 3361 927 3411 σπάνια
945 3361 1057 3427 πάμπαν,
1076 3361 1101 3411 ἐν
1119 3359 1145 3411 δέ
1156 3366 1207 3417 τοῖς
1220 3358 1368 3419 πολυτόκοις
1386 3360 1489 3429 μᾶλλον,
1508 3365 1551 3416 καὶ

197 3451 295 3521 μάλιστ’
312 3453 338 3504 ἐν
356 3449 441 3518 όρνισι,
458 3455 510 3501 τῶν
529 3448 548 3501 δ’
564 3448 670 3518 ὀρνίθων
690 3449 715 3500 ἐν
734 3453 787 3506 ταῖς
802 3446 953 3514 ἀλεκτορίσιν
1060 3447 1089 3499 11
1111 3446 1198 3517 ἧττον]
1217 3447 1298 3498 Arist.
1310 3462 1396 3516 gener.
1409 3450 1488 3501 anim.
1502 3446 1551 3503 Δ4

197 3558 222 3609 ρ.
236 3538 343 3592 770232
368 3538 405 3590 διὸ
430 3539 455 3589 ἐν
480 3534 607 3609 ἀνθρώπῳ
632 3536 720 3605 ἧττον·
752 3533 787 3592 ὡς
811 3534 857 3603 γὰρ
881 3533 921 3585 ἐπὶ
945 3533 972 3586 τό
996 3534 1058 3586 πολὺ
1085 3535 1224 3602 μονοτόκον
1248 3535 1299 3587 ἐστὶ
1326 3536 1369 3587 καί
1394 3535 1552 3605 τελειογόνον,

197 3629 249 3680 ἐπεὶ
273 3627 316 3679 καί
339 3623 436 3677 τούτων
461 3625 486 3676 ἐν
511 3624 546 3683 οίς
570 3622 655 3679 τύποις
682 3619 812 3690 πολύγονοι
839 3620 863 3672 αἱ
890 3622 1002 3689 γυναῖκές
1029 3622 1087 3686 είσι,
1111 3626 1185 3674 τοῦτο
1213 3621 1339 3690 συμβαίνει
1366 3622 1473 3690 μᾶλλον,
1501 3624 1551 3676 οίον

195 3717 249 3786 περὶ
266 3712 388 3784 Αἴγυπτον
406 3711 438 3763 cf.
451 3712 511 3763 hist.
524 3712 602 3763 anim·
617 3706 667 3761 Η4
686 3725 711 3776 p.
722 3708 812 3761 ‹5841›ss
823 3724 878 3776 sqq.
902 3707 934 3760 ef.
950 3708 1006 3760 Birt
1023 3709 1052 3758 de
1066 3709 1214 3760 Ιῖοίῖεαιίοίε
1231 3707 1318 3759 ovidio
1329 3709 1401 3775 salso
1418 3711 1551 3780 adscriptis

196 3818 222 3870 ρ.
238 3800 285 3853 157
459 3797 489 3850 13
513 3798 616 3867 τέρατα]
639 3796 721 3849 Arist.
734 3812 820 3864 gener.
834 3787 973 3847 ουίιιι.Δ1
994 3812 1020 3864 p.
1033 3796 1140 3849 770b37
1168 3796 1274 3864 γίνονται
1298 3795 1323 3848 δὲ
1348 3798 1483 3867 μεταβολαί
1508 3801 1551 3852 καὶ

197 3888 320 3958 πηρώσεις
338 3887 381 3939 καὶ
399 3887 454 3955 περὶ
470 3886 502 3938 τὰ
520 3884 589 3944 ἐντὸς
608 3883 696 3954 μύρια,
718 3886 756 3952 τῷ
773 3881 790 3952 ἡ
810 3883 845 3952 μὴ
865 3883 930 3954 ἔχειν
949 3884 1001 3937 ἐνια
1019 3883 1035 3955 ἡ
1054 3883 1249 3953 κεκολοβωμένα
1268 3882 1333 3954 ἔχειν
1351 3886 1394 3937 καὶ
1412 3885 1489 3952 πλείω
1508 3888 1552 3939 καὶ

197 3976 344 4044 μεθεστῶτα
361 3975 418 4033 τοὺς
436 3974 534 4033 τόπους.
571 3971 673 4044 καρδίαν
691 3972 736 4039 μὲν
757 3970 799 4023 οὖν
823 3968 896 4023 ούθὲν
917 3972 1020 4024 πώποτε
1043 3972 1138 4038 ἐγένετο
1162 3972 1227 4040 ζῷον
1250 3970 1296 4023 ούκ
1319 3971 1391 4042 ἔχον,
1414 3973 1510 4042 σπλῆνα
1529 3973 1549 4028 δ’

197 4063 243 4115 ούκ
267 4063 338 4133 ἔχον,
360 4063 403 4113 καί
426 4061 469 4114 δύο
492 4062 564 4131 ίχον,
588 4060 630 4111 καὶ
652 4058 741 4129 νεφρόν
764 4058 819 4110 ἕνα·
846 4057 913 4128 ἧπαρ
936 4057 954 4110 δ’
971 4058 1018 4111 ούκ
1041 4059 1099 4129 ἔχον
1122 4060 1167 4128 μὲν
1184 4058 1270 4123 ούθέν,
1294 4058 1341 4129 οὺχ
1363 4057 1420 4112 όλον
1439 4061 1464 4113 δὲ
1483 4062 1551 4132 ἔχον.

197 4149 229 4203 cf.
247 4166 333 4218 gener.
346 4149 425 4201 anim.
438 4144 487 4200 Δό
506 4163 531 4215 p.
545 4146 643 4199 77328.
670 4150 737 4214 part.
750 4147 828 4198 anim.
842 4142 861 4197 Γ
874 4146 889 4197 7
910 4162 935 4213 γ).
949 4145 1057 4198 669134
1166 4147 1197 4199 16
1216 4152 1267 4197 τῶν
1286 4146 1312 4199 δὲ
1331 4147 1450 4216 ἐναίμων]
1471 4152 1551 4202 Arist.

197 4253 283 4306 gener.
296 4237 374 4288 anim.
387 4232 437 4287 Δ4
454 4251 480 4302 p.
494 4234 582 4286 7712?
606 4234 653 4304 ἤδη
673 4232 692 4286 δ’
709 4234 804 4302 ἐγένετο
823 4233 866 4285 καί
884 4233 1056 4304 μεθεστηκότα
1074 4236 1139 4286 κατὰ
1156 4234 1243 4298 τόπον,
1260 4233 1288 4286 τό
1306 4235 1351 4300 μὲν
1370 4234 1437 4306 ἧπαρ
1456 4237 1482 4287 ἐν
1500 4245 1551 4295 τοῖς

198 4326 346 4394 ἀριστεροῖς,
367 4321 380 4374 ό
402 4321 427 4374 δὲ
447 4321 526 4390 σπλὴν
545 4323 639 4380 ἐντοῖς
659 4320 746 4382 δεξιοῖς
907 4321 937 4372 19
963 4320 1035 4390 βοᾶν]
1054 4322 1134 4374 Arist.
1148 4323 1207 4374 hist.
1220 4321 1299 4373 anim.
1314 4318 1335 4373 H
1350 4322 1382 4373 10
1403 4338 1428 4389 ρ.
1442 4322 1549 4377 587227

197 4409 329 4473 ἐξελθόντα
348 4408 367 4462 δ’
382 4407 455 4467 εὐθὺς
473 4407 605 4478 φθέγγεται
748 4408 778 4461 19
802 4410 867 4461 κατὰ
885 4407 1017 4479 συστολὴν]
1036 4410 1106 4462 unde
1123 4408 1203 4463 haec?

197 4623 214 4673 ‘2
239 4620 367 4689 γενήσεται
384 4618 418 4671 P:
444 4617 584 4686 γεννήσεται
603 4617 670 4670 Rose
814 4616 841 4667 11
869 4613 994 4687 ἀνθρώπῳ
1013 4617 1093 4669 Rose:
1119 4612 1297 4683 ἀνθρώπωνΡ
1442 4619 1473 4670 12
1498 4621 1551 4674 ἐπεὶ

198 4707 298 4761 addidit
316 4707 384 4758 Rose
490 4704 624 4757 πολυτύκοι
642 4705 666 4757 αἱ
684 4706 765 4757 Roso:
789 4704 944 4772 πρωτότοκοι
962 4704 982 4756 Ρ
1093 4703 1123 4755 14
1146 4710 1197 4761 τοῖς
1215 4703 1286 4762 ἐκτὸς
1304 4705 1337 4757 P:
1361 4707 1392 4757 τὰ
1410 4714 1461 4764 τοῖς
1480 4707 1552 4767 ἐκτὸς

199 4795 383 4848 exhibetRose
449 4791 512 4844 ἀλλὰ
524 4792 639 4860 Sauppe:
659 4789 774 4863 ἀλλήΡ
845 4791 875 4843 15
895 4791 1004 4862 σπλῆνας
1016 4792 1097 4843 Rose:
1116 4789 1242 4860 πληναςΡ
1318 4792 1348 4844 1’ί
1367 4792 1549 4863 διηλαγμίναΡ

199 4882 233 4934 ‘20
257 4880 321 4933 αὐτὰ
339 4880 444 4948 scripsi:
468 4877 530 4931 αὐτὸ
548 4879 568 4933 Ρ
