3510 5610
277 291 337 355 108
424 290 675 343 ARISTOPHANIS
695 291 877 343 HISTORIAE
897 291 1089 343 ANIMALIUM
1108 290 1256 343 31³leOE
1275 288 1465 343 11362-368

328 461 443 546 Πέρσας
465 462 565 545 ἄγουσι
587 462 702 548 φίρτον.
738 464 793 527 εἰσὶ
815 465 847 527 δέ
870 464 989 540 ἁπαλαί,
1013 466 1059 527 καὶ
1077 462 1307 548 συνερραμμέναι
1328 462 1451 549 χιτῶνές
1466 486 1497 526 τε
1518 462 1582 545 ἅμα

327 563 450 645 γίνονται
473 568 521 629 καὶ
544 566 723 630 ἀλεαίνουσιν
745 567 860 637 αύτούς.
905 570 1057 630 καλοῦνται
1079 566 1112 629 δὲ
1137 566 1192 649 ἄρα
1219 566 1298 630 ούτοι
1323 570 1513 639 καναυτδνες,
1541 568 1583 635 ῶς

328 667 446 736 ἐκείναις
468 670 560 753 φίλον.
605 671 755 749 θαυμάσαι
783 671 815 732 δὲ
843 676 899 733 τῶν
928 674 1008 752 μυῶν
1030 671 1122 732 τῶνδε
1144 668 1222 739 άξιον
1244 668 1300 754 ἄρα
1322 670 1370 731 καὶ
1391 672 1486 731 τοῦτο.
1531 666 1582 731 ἐὰν

329 770 393 854 ἁλῷ
417 776 471 852 μῦς
486 772 606 841 κύουσα,
629 772 691 835 εἶτα
714 772 851 855 ἐξαιρεθῇ
875 774 907 835 τδ
924 770 1060 857 ἔμβρυον,
1083 771 1173 855 αὐτῆς
1195 773 1227 835 δὲ
1246 772 1455 856 διατμηθείσης
1470 770 1582 855 ἐκείνης

300 871 390 935 σείτα
413 873 509 953 μέντοι
533 874 581 935 καὶ
603 873 674 936 αύτδ
698 875 870 957 άνατμηθῇ,
893 876 941 937 καὶ
964 875 1056 938 ἐκεῖνο
1079 872 1143 959 ἔχει
1166 874 1281 959 βρέφος.

414 976 506 1058 (363)
539 974 599 1040 Ἐκ
624 981 685 1039 τοῦ
713 974 889 1058 Τιμοθέου
917 978 995 1059 περὶ
1024 983 1117 1059 μυιῶν
1144 978 1200 1039 καὶ
1228 979 1398 1060 μυγάλῶν.
1443 975 1510 1040 Τῶν
1534 976 1582 1039 ιλι-

329 1076 406 1161 βύων
434 1080 453 1161 η
480 1085 517 1163 γη
544 1078 638 1141 κοινάν
665 1103 691 1141 τι
716 1080 798 1161 γένος
826 1085 908 1162 μυῶν
935 1079 1017 1163 φέρει
1039 1080 1087 1141 καὶ
1109 1082 1232 1161 λαγωῶν
1254 1082 1350 1163 κοινὴν
1373 1080 1404 1149 ἐς
1425 1078 1582 1163 ἀφροδίτην

329 1184 592 1265 συγχωρησάντων,
617 1182 658 1250 οίς
681 1180 716 1243 τὰ
740 1182 802 1243 ῶτα
826 1182 876 1265 μὲν
900 1183 947 1244 καὶ
970 1182 1046 1244 άπαν
1070 1182 1102 1243 τδ
1124 1185 1211 1263 σῶμα
1234 1188 1315 1263 μυῶν
1337 1180 1511 1267 αὐτόχρημα
1535 1202 1583 1263 με·

328 1282 424 1362 γάλων
441 1284 511 1359 ἐστί,
531 1287 627 1365 λαγῶν
643 1284 675 1345 δὲ
690 1285 726 1345 τά
743 1308 773 1346 τε
789 1291 866 1346 νῶτα
886 1285 934 1347 καὶ
954 1282 1085 1368 ὄμματα·
1113 1283 1232 1367 φέρουσι
1252 1286 1284 1347 δὲ
1304 1287 1350 1347 καὶ
1371 1286 1423 1367 τὴν
1441 1284 1528 1369 τρίχα
1550 1304 1581 1345 τε.

290 1398 316 1441 10
330 1382 386 1446 ἴσοι
409 1386 441 1447 δὲ
456 1387 488 1448 τὸ
506 1385 630 1469 μέγεθός
644 1386 698 1448 εἰσι
722 1388 805 1471 μυσὶν
822 1387 984 1470 ἀρουραίας
1005 1388 1053 1449 καὶ
1070 1387 1137 1449 ἰδεῖν
1158 1386 1263 1469 ὅμοιοι.
1296 1386 1357 1450 ἔστι
1380 1387 1479 1450 δὲκαὶ
1499 1390 1581 1463 μυῶν

331 1512 356 1550 τι
386 1490 492 1572 πτηνδν
520 1489 600 1572 γένος
629 1489 671 1558 οἷς
699 1487 766 1551 ούτε
792 1490 877 1552 πτιλα
905 1489 1030 1573 πέφυκεν
1058 1488 1126 1553 ὄντα
1154 1488 1218 1552 οὔτε
1244 1493 1347 1572 πτερά·
1382 1488 1458 1573 μύνη
1486 1489 1519 1551 δὲ
1545 1488 1583 1568 τῇ

330 1589 403 1674 οὐρᾷ
426 1592 559 1675 καθάπερ
582 1592 617 1675 δὴ
641 1590 645 1675 l
666 1592 714 1654 καὶ
736 1598 849 1675 πτεροῖς
872 1595 1020 1676 χρώμενοι
1042 1592 1175 1672 τέμνουσι
1195 1594 1243 1654 τδν
1264 1592 1336 1676 ἀέρα
1357 1593 1404 1655 καὶ
1424 1590 1550 1673 δένδροις
1561 1602 1638 1650 κυεῖν

330 1692 551 1765 ἐπικαθέζονται
571 1696 619 1757 καὶ
635 1699 724 1757 ταῦτα
739 1695 857 1757 οίκούσι.
945 1694 1037 1776 (364)
1059 1696 1149 1779 ,λιβυς
1168 1696 1200 1757 δὲ
1217 1699 1270 1778 μδς
1286 1697 1359 1756 πιὼν
1376 1694 1477 1763 ὕδατος
1492 1692 1582 1763 εὐθὺς

330 1795 503 1859 άπύλλυται·
538 1798 607 1860 ὅθεν
630 1796 768 1860 οὐδέποτε
792 1794 825 1858 ἂν
849 1797 912 1858 ἐκεῖ
934 1798 1053 1859 θεάσαιο
1076 1799 1227 1881 χρώμενον
1251 1797 1332 1860 ύδατι
1355 1797 1402 1859 τδν
1426 1800 1491 1879 μδν,
1513 1796 1583 1861 οὐδὲ

290 1912 317 1955 15
331 1899 395 1981 περὶ
423 1898 512 1968 αὐτὰς
540 1901 635 1983 δήπου
663 1900 713 1968 τὰς
739 1904 788 1961 τοῦ
812 1899 923 1982 Σειρίου
951 1898 1095 1967 ἐπιτολάς.
1202 1899 1296 1983 (365)
1323 1900 1371 1962 καὶ
1398 1898 1470 1962 ἄλλο
1498 1900 1530 1962 δέ
1556 1924 1584 1963 τι

331 2008 413 2083 μυῶν
429 2000 510 2083 γένος
531 2006 567 2085 τῇ
586 2008 642 2064 τῶν
662 2002 756 2065 Ἰνδῶν
780 2001 944 2085 ἑντρέφεται
961 2006 1012 2084 γη,
1037 2002 1077 2063 ῶν
1093 2003 1196 2085 ἡδίστη
1221 2003 1272 2085 μὲν
1291 2003 1364 2085 πνοὴ
1380 2006 1430 2064 τοῦ
1447 2005 1584 2083 σώματος

333 2101 428 2175 ἔξεισι,
452 2105 484 2166 τδ
507 2110 609 2189 χρῆμα
625 2105 657 2166 δὲ
680 2103 878 2188 περιμάχητύν
901 2104 961 2167 ἐστι
984 2109 1043 2173 τοῖς
1066 2105 1207 2172 πολίταις·
1235 2105 1336 2167 τούτου
1358 2104 1412 2188 γὰρ
1435 2104 1519 2166 ἕνεκα
1534 2105 1583 2167 καὶ

330 2206 429 2289 νεκρδν
454 2205 487 2268 ἂν
511 2206 581 2275 ἴδοις
604 2211 658 2289 μδν
681 2207 784 2289 ἐσθῆτι
810 2208 832 2289 ’β
855 2207 979 2289 πλομίου
1002 2207 1160 2291 φιλοτίμως
1182 2206 1411 2287 καθαπτόμενον.
1452 2206 1526 2289 αὕτη
1549 2206 1583 2269 δὲ

330 2308 384 2370 οὐκ
413 2310 446 2371 ἐκ
474 2314 592 2392 γενετῆς
620 2310 702 2394 αύτῷ
734 2308 880 2393 σύμφυτος
910 2308 1019 2394 [αὐτῷ]
1050 2334 1068 2393 η
1100 2311 1197 2392 δσμή,
1232 2310 1305 2372 ἀλλὰ
1338 2308 1396 2372 πύα
1425 2332 1466 2378 τις
1498 2308 1580 2394 αύτῷ

290 2426 317 2470 νο
330 2412 487 2494 ἐσθιομένη
512 2413 631 2495 μυρίζει.
667 2414 683 2474 ὁ
708 2412 803 2495 μέντοι
826 2412 959 2495 θηρεύων
981 2412 1011 2480 ἐς
1027 2410 1132 2495 δρύμον
1149 2412 1236 2474 αὐτὸν
1259 2413 1431 2496 διανίστησιν
1453 2412 1531 2475 ὥστε
1546 2412 1583 2497 δὴ

329 2513 498 2595 κινουμένου
522 2516 554 2577 τδ
577 2515 649 2597 αἷμα
672 2515 738 2597 περὶ
760 2516 807 2577 τὸν
831 2516 962 2599 ὀμφαλὸν
985 2518 1148 2598 συρρεύσαι.
1189 2516 1237 2577 καὶ
1259 2515 1324 2578 τύτε
1345 2520 1413 2597 γοῦν
1436 2513 1580 2597 θηρεύσας

331 2617 479 2687 καταθύει,
501 2618 550 2679 καὶ
572 2616 661 2680 αὐτού
684 2619 717 2679 τδ
739 2618 811 2701 αἷμα
834 2619 881 2680 καὶ
904 2617 995 2701 δέρμα
1019 2618 1186 2699 θαυμαστὸν
1210 2617 1269 2680 οἷον
1292 2620 1332 2687 εἰς
1355 2616 1495 2701 ὅσφρησίν
1518 2618 1579 2679 ἐστι

330 2726 390 2788 τοῖς
411 2719 583 2804 χρωμένοις.
669 2719 764 2801 (366)
787 2721 861 2802 πλὴν
885 2720 960 2781 ἀλλὰ
982 2724 1019 2800 ιγ’,
1039 2722 1130 2803 ἡδονῇ
1155 2722 1186 2782 τδ
1207 2720 1307 2802 πικρὸν
1330 2721 1488 2802 σύμμικτον
1511 2716 1584 2804 ἔχει,

332 2822 380 2883 καὶ
403 2820 464 2884 οὐδ’
485 2821 611 2883 ἐνταῦθα
634 2822 744 2907 βλάβης
761 2822 829 2885 ἄνευ
853 2824 884 2884 τδ
909 2822 963 2905 ᾐδδ
981 2826 1039 2890 τοῖς
1063 2824 1236 2906 ἀνθρώποις.
1272 2823 1352 2905 οἱνδρὶ
1374 2822 1427 2906 γὰρ
1452 2824 1584 2884 ύπνούντι

290 2940 317 2982 κο
331 2924 382 2987 δύο
407 2929 461 3007 μδς
475 2925 579 2986 τοιοίδε
602 2924 882 3008 ξυμπαραστάντεςύ
901 2926 952 3007 μὲν
974 2925 1119 3008 ἑπαφδιται
1142 2929 1199 2986 τῶν
1223 2925 1381 3001 δακτύλων,
1404 2926 1452 2987 καὶ
1470 2925 1583 3009 ἐκμυζᾷ

331 3028 364 3089 τὸ
387 3026 473 3109 αι’μα,
501 3030 548 3090 καὶ
571 3026 660 3096 αύτολς
682 3029 834 3112 περικείρει
858 3027 907 3096 τὰς
930 3030 1053 3109 σάρκας,
1076 3028 1092 3089 ὁ
1116 3028 1148 3089 δὲ
1171 3033 1232 3097 ταῖς
1256 3029 1328 3112 ῥισὶν
1351 3027 1470 3109 ἐγγίζων
1494 3026 1585 3110 αὔρας

336 3128 442 3213 ἐνίησιν
465 3131 623 3213 ηδυτάτας.
645 3132 694 3193 καὶ
717 3130 921 3213 καταγοητεύει
944 3131 990 3191 καὶ
1013 3133 1172 3212 κατακηλεῖ
1192 3132 1240 3192 τὸν
1263 3131 1361 3213 ἄνδρα,
1384 3130 1432 3192 καὶ
1454 3130 1506 3213 τὴν
1528 3136 1586 3193 τῶν

331 3230 427 3294 πύνων
449 3232 584 3315 αἴσθησιν
608 3234 780 3316 ἀφαιρεῖται.
875 3233 968 3314 (367)
995 3230 1055 3296 ἔστι
1079 3232 1111 3295 δὲ
1133 3234 1165 3295 τδ
1189 3232 1312 3317 μέγεθος
1336 3232 1441 3315 μείζων
1464 3232 1516 3313 μὲν
1537 3256 1585 3313 γα-

331 3337 394 3418 λῆς,
417 3338 512 3419 ἥττων
535 3336 567 3398 δὲ
589 3339 714 3417 λαγωοδ.
804 3335 897 3417 (368)
927 3336 955 3396 ἐν
981 3334 1077 3417 μέντοι
1101 3341 1161 3404 τοῖς
1183 3336 1300 3420 λύχνοις
1322 3340 1380 3403 τοῖς
1404 3333 1585 3418 στενύχωρον

291 3453 319 3497 νο
333 3439 365 3501 τδ
389 3437 483 3521 στύμα
505 3436 624 3522 ἔχουσιν
647 3439 821 3521 ἀποροῦντες
843 3440 980 3506 πολλάκις
1003 3440 1029 3499 οί
1051 3438 1120 3521 μύες
1142 3438 1272 3501 καθιέναι
1295 3439 1347 3520 τὴν
1370 3439 1510 3521 κεφαλήν,
1532 3439 1584 3521 τἠν

280 3680 333 3733 (λδ
352 3686 403 3731 τῶν
423 3676 535 3746 Λιβύων]
553 3678 573 3728 Τ
575 3678 664 3729 imoth.
682 3693 707 3744 p.
718 3675 798 3738 2219
816 3675 911 3741 Haupt.
930 3694 987 3741 κεφ.
1005 3674 1053 3743 λη’.
1072 3677 1127 3744 περὶ
1149 3681 1229 3742 μυῶν.
1260 3674 1297 3727 ὅτι
1319 3676 1344 3727 ἐν
1364 3674 1445 3745 Λιβύη
1467 3676 1549 3728 κοινὸν
1569 3676 1640 3745 γένος

279 3774 350 3835 μυῶν
368 3768 411 3819 καὶ
427 3765 534 3833 λαγωῶν
639 3766 668 3815 13
686 3761 774 3831 Λίβυς]
789 3763 901 3813 Timoth.
916 3763 1027 3829 p.22,·.>1
1050 3762 1086 3814 ὅτι
1103 3764 1128 3814 ἐν
1141 3762 1221 3831 Λιβύη
1240 3761 1300 3831 μύες
1318 3762 1346 3815 αδ
1365 3764 1481 3815 πίνουσιν.
1511 3762 1543 3813 cf.
1559 3764 1639 3815 Arist.

279 3857 341 3907 hist.
354 3857 433 3906 anim.
447 3852 467 3905 6
481 3852 514 3904 28
533 3851 679 3919 1›.sso‹÷b=27
816 3850 849 3900 24
873 3849 952 3918 ἀνδρὶ]
975 3850 1086 3901 Ὶί“υιυῐ1ι.
1105 3868 1131 3917 ρ.
1144 3851 1226 3915 22,23
1250 3849 1287 3902 ὅτι
1306 3850 1473 3908 καθεύδοντας
1492 3850 1640 3919 ἀνθρώπους

279 3943 394 3995 δάκνουσι
413 3939 480 4008 μύες,
499 3942 541 3992 καλ
559 3940 572 3991 δ
591 3940 636 4007 μὲν
655 3938 738 3991 δάκνει
756 3937 799 3990 τὸν
818 3936 946 3999 δάκτυλον,
966 3935 979 3988 θ
996 3936 1022 3989 δὲ
1041 3942 1107 4007 φυσᾷ
1126 3938 1168 3989 καὶ
1181 3938 1330 4006 ἀναίσθητον
1350 3940 1453 4009 παρέχει
1560 3938 1594 3990 *39
1614 3938 1639 3989 ἐν

280 4032 377 4099 μέντοι]
399 4025 652 4095 '1'i1noth.p.2‘2,25
677 4024 714 4077 ύτι
737 4025 770 4081 τίς
792 4025 850 4083 τοὺς
872 4024 977 4095 λύχνους
1000 4026 1043 4081 τὰς
1066 4025 1139 4094 σύρας
1162 4024 1290 4094 χαλῶντες
1313 4024 1342 4077 τδ
1366 4023 1447 4076 ἔλαιον
1470 4026 1577 4092 ἀνιμῶσι
1596 4026 1640 4077 καὶ

279 4119 401 4189 λείχουσιν
420 4114 461 4167 δτε
480 4116 524 4173 τὰς
542 4114 653 4184 κεφαλὰς
671 4112 700 4165 αδ
719 4110 836 4164 δύνανται
854 4112 969 4182 ἐμβαλεῖν

281 4342 296 4394 2
320 4341 471 4394 α’λεαίνουσιν
490 4339 559 4391 Αυλε
583 4337 716 4390 λεαίνουσιν
735 4338 756 4389 Ι)
881 4341 1032 4395 καναυτάνες
1052 4338 1072 4389 l)
1092 4335 1160 4387 Aah:
1187 4335 1335 4393 κανδυτᾶνες
1353 4352 1402 4387 ουκ.
1420 4334 1452 4386 G.
1469 4334 1583 4386 Dindorf

281 4429 297 4481 3
320 4428 400 4481 τῶνδε
418 4428 486 4479 Aet:
510 4426 604 4478 τύδεΙ)
741 4425 758 4475 4
781 4424 832 4476 εἶτα
853 4424 885 4475 1›:
910 4424 975 4476 κᾶτα
994 4424 1050 4477 Λυλ
1183 4424 1198 4475 5
1222 4420 1356 4491 α’νατμηθη]
1377 4424 1409 4473 D:
1433 4420 1565 4491 διανοιχθη·
1582 4422 1640 4474 Aoi.

281 4517 296 4568 7
320 4516 404 4567 κοινόν
421 4516 546 4566 Τίιιιοθι.ι
571 4513 655 4565 καινόν
674 4513 694 4564 D
805 4510 912 4579 λαγωῶν
931 4513 968 4563 sic
986 4512 1034 4564 hoc
1053 4512 1109 4563 loco
1128 4511 1170 4574 (ιλ
1188 4510 1316 4562 Timothei
1335 4526 1390 4561 υκυ.
1407 4514 1433 4561 et
1451 4508 1520 4560 infra
1538 4508 1639 4575 5367),

280 4604 364 4672 λαγῶν
383 4602 432 4653 κθ
451 4603 471 4653 D
561 4602 576 4651 θ
596 4607 654 4668 post
672 4600 745 4669 τρίχα
763 4600 891 4652 excidisse
911 4600 1011 4651 videtur
1028 4598 1112 4667 λαγῶν
1133 4598 1171 4648 vel
1189 4596 1273 4648 αὐτῶν
1365 4597 1394 4648 14
1414 4594 1514 4647 θεάσαιο
1531 4598 1639 4665 scripsi:

281 4689 368 4742 θεάσαι
387 4706 419 4741 εκ
438 4690 525 4740 θεᾶσαι
544 4689 656 4740 correxit
675 4688 707 4738 1›¹
822 4688 852 4737 18
876 4686 981 4753 πλομίον
1000 4688 1038 4739 sic
1058 4687 1091 4737 1›:
1115 4684 1243 4753 πολυμίτῳ
1263 4685 1360 4735 conicit
1379 4684 1451 4735 Diels
1559 4682 1640 4737 καθα-

281 4779 403 4845 πτόμενον
422 4778 459 4828 sic
479 4778 499 4827 Ι)
522 4774 554 4827 cf.
574 4776 659 4841 [Eun]
680 4776 756 4827 Rhes.
772 4774 823 4825 202
961 4774 992 4824 19
1015 4773 1084 4841 αύτῷ
1104 4780 1162 4839 post
1184 4772 1309 4839 σύμφυτος
1329 4772 1449 4822 iteratum
1468 4770 1551 4824 delevi

282 4866 315 4919 '2'2
339 4863 428 4931 αύτού]
448 4862 479 4914 αύ
497 4866 542 4913 τού
561 4863 582 4915 D
718 4860 752 4915 2ss
776 4862 801 4915 ἐν
819 4862 925 4931 scripsi:
949 4860 977 4911 lx
997 4861 1018 4911 l)
