3510 5610
370 300 622 356 ARISTOPHANIS
640 304 823 358 HISTORIAE
842 303 1034 360 ANIMALIUM
1054 307 1200 360 ΕΡΙΤΟΜΕ
1220 307 1243 360 ΙΙ
1263 304 1374 359 65-67
1468 331 1481 360 ι
1509 309 1550 373 53

252 475 394 559 θεάσηται
417 476 517 557 πράως
539 473 581 537 ἔτι
604 477 760 558 ἀλγοῦντα,
783 477 835 558 τὴν
859 479 973 560 πληγὴν
996 478 1015 560 ἢ
1038 479 1071 539 τδ
1094 479 1190 561 δῆγμα
1214 479 1416 564 παραπτύσος,
1442 478 1504 541 εἶτα

252 578 348 660 μέντοι
370 578 422 660 τὴν
445 578 548 662 ὀδύνην
571 579 695 661 ἐπράϋνε
717 580 765 641 καὶ
787 581 996 664 κοτεγοήτευσε
1017 587 1060 664 τῷ
1084 582 1177 665 σιάλῳ
1199 582 1232 644 τδ
1255 580 1357 644 δεινόν.
1400 581 1450 643 ἐὰν
1473 581 1505 643 δέ

250 679 322 762 εύρη
349 682 619 765 δυσανασχετοῦντα
647 681 694 743 καὶ
722 681 855 765 ἀτλήτως
882 682 1021 766 φέροντο,
1049 683 1126 765 ὕδωρ
1154 681 1262 766 ἀθρύον
1291 684 1406 752 σπάσας
1433 682 1504 745 εἴσω

249 785 308 843 τῶν
331 782 456 846 ὀδόντων
478 784 526 846 καὶ
547 784 732 867 χρησάμενος
753 784 834 870 αὐτῷ
858 789 909 846 τοῦ
932 784 1075 868 στύμοτος
1096 783 1248 867 κλύσματι,
1270 783 1334 847 εἶτα
1357 789 1442 848 τοῦτο
1464 785 1505 852 εἰς

220 883 353 947 σκύλικο
375 885 510 970 ἐμβαλὼν
534 885 634 948 δίδωσι
657 886 783 970 ῥοφῆσαι
805 892 847 971 τῷ
870 888 1019 970 τρωθέντι.
1064 887 1113 951 ἐὰν
1140 886 1172 949 δὲ
1198 886 1358 970 περαιτέρω
1387 886 1391 970 i
1419 887 1553 949 καὶιοοιι

248 990 334 1051 τοῦδε
355 992 406 1051 τοῦ
430 989 583 1072 φαρμάκου
605 988 769 1073 κατισχύση
795 990 828 1052 τδ
855 991 957 1064 κοκύν,
985 992 1001 1053 δ
1028 991 1060 1053 δὲ
1080 993 1125 1073 τῷ
1147 994 1276 1052 νοσοῦντι
1298 992 1501 1074 ποροκλίνεται

248 1095 351 1174 γυμνῷ
381 1091 488 1173 γυμνδς
518 1092 566 1152 καλ
595 1095 645 1153 τοῦ
676 1090 791 1175 χρωτός
820 1093 846 1154 οἱ
876 1096 927 1155 τοῦ
958 1093 1030 1155 ἰδίου
1057 1092 1233 1175 πρυστρίψας
1261 1093 1313 1176 τὴν
1341 1093 1425 1177 ἰσχὺν
1452 1095 1503 1177 τὴν

250 1179 471 1276 συμφυῆ,”εῖτα
493 1193 589 1277 μέντοι
610 1197 663 1255 τοῦ
684 1199 776 1257 κακοῦ
799 1196 940 1278 πεποίηκε
961 1196 1010 1257 τδν
1034 1194 1187 1279 ἄνθρωπον
1211 1195 1324 1278 ἐξάντη.
1362 1196 1502 1281 ἀποχρῶν

250 1295 283 1357 δὲ
310 1294 367 1379 ἄρα
394 1296 466 1379 ὑπὲρ
492 1295 593 1358 τούτου
619 1294 666 1380 εἴη
687 1295 728 1359 ,ἂν
757 1299 864 1381 μάρτυς
890 1299 938 1360 καὶ
962 1297 1121 1381 Νίκανδρος
1147 1298 1162 1360 δ
1185 1294 1374 1382 Κολοφώνιος
1396 1299 1501 1382 λέγων·

210 1413 239 1456 10
464 1380 564 1462 έκλυον
587 1402 628 1467 ῶς
650 1399 755 1484 Λίβυες
779 1400 903 1463 Ψύλλων
925 1400 1006 1481 γένος
1029 1396 1096 1462 οὔτε
1118 1422 1144 1461 τι
1165 1400 1266 1483 θηρῶν

524 1501 605 1565 αὐτοὶ
628 1503 768 1585 κάμνουσι
791 1501 954 1586 μυδολέησι
975 1506 1087 1574 τυπαῖς,

461 1604 510 1675 οὓς
532 1604 634 1688 Σύρτις
656 1605 759 1690 βοσκεῖ
779 1604 957 1689 θινυτρύφυς,
980 1603 1013 1667 εῦ
1036 1605 1068 1667 δὲ
1090 1605 1138 1667 καὶ
1160 1603 1261 1674 ἀλλοις

526 1707 661 1790 ἀνδράσιν
685 1706 795 1790 ἤμυναν
818 1708 961 1789 τύμμασιν
984 1706 1171 1791 ἀχθομένοις,

461 1810 495 1873 ού
519 1811 608 1895 ῥίζαις
630 1808 770 1895 ἔρδοντες,
794 1810 850 1871 ἑῶν
874 1807 898 1873 δ’
918 1810 978 1872 ἀπὸ
1001 1810 1132 1894 σύγχροο
1152 1811 1239 1892 γυίων

213 1926 239 1971 1⁵
252 1913 300 1976 καὶ
322 1913 359 1976 τὰ
381 1913 428 1976 ἐπὶ
450 1913 570 2001 τούτοις.

335 2014 407 2098 (66)
435 2015 529 2080 Ἀλλὰ
553 2015 640 2097 τύγε
663 2020 720 2078 τῶν
736 2015 895 2098 Πυγμαίων
918 2012 1001 2082 ἔθνος
1023 2014 1122 2077 ἀκούω
1145 2015 1192 2077 καὶ
1215 2014 1308 2093 ἐκεῖνο
1330 2015 1397 2081 καθ’
1415 2019 1500 2082 ἑαυτὸ

250 2117 468 2200 βασιλεύεσθαι·
502 2118 550 2180 καὶ
576 2115 625 2180 οὖν
652 2118 700 2180 καὶ
726 2117 861 2199 γενέσθαι
887 2114 953 2200 παρ’
978 2116 1090 2191 αὐτοῖς,
1117 2117 1298 2187 ἐκλείποντος
1323 2124 1374 2182 τοῦ
1401 2120 1502 2202 γένους

247 2222 298 2280 τοῦ
325 2223 382 2281 τῶν
410 2219 536 2303 ἀρρένων
562 2218 717 2305 βασιλέως,
745 2220 876 2304 βασιλίδα
897 2219 960 2281 τινδι
985 2217 1060 2303 (mi)
1082 2224 1223 2304 κρατῆσαι
1249 2225 1307 2283 τῶν
1331 2221 1499 2305 Πυγμαίων,

252 2319 276 2383 Γ
276 2322 379 2405 εράναν
402 2320 504 2404 ὄνομα,
525 2323 561 2404 ἥν
577 2344 631 2404 περ
653 2319 703 2384 οῦν
722 2323 890 2391 ἐκθεοῦντες
909 2324 936 2385 οἱ
954 2321 1095 2405 Πυγμαῖοι
1117 2322 1301 2407 σεμνοτέροις
1323 2324 1342 2407 ἢ
1359 2325 1432 2387 κατὰ
1454 2325 1500 2388 ἀν-

212 2440 239 2484 υυ
253 2425 369 2507 θρωπον
392 2424 498 2506 ἐτίμων
519 2429 623 2508 τιμαῖς.
661 2425 694 2487 ἐκ
715 2425 834 2504 τούτων,
857 2425 953 2509 φασίν,
976 2425 1071 2507 ἐκείνη
1094 2425 1146 2508 τὴν
1169 2426 1293 2489 διάνοιαν
1317 2426 1500 2512 ἐξηνεμῶθη,

250 2529 298 2590 καὶ
320 2527 372 2595 τὰς
393 2526 464 2594 θεάς
489 2525 557 2611 παρ’
578 2526 661 2590 οὐδὲν
689 2527 814 2601 ἐτίθετο,
842 2530 965 2611 μάλιστα
987 2528 1019 2590 δέ
1041 2527 1092 2609 τ’ὴν
1112 2521 1206 2610 Ἥραν
1228 2530 1276 2591 καὶ
1298 2530 1351 2613 τὴν
1370 2528 1500 2614 Ἀθηνᾶν

250 2631 298 2693 καὶ
323 2631 376 2714 τὴν
397 2626 534 2713 Ἄρτεμιν
562 2631 610 2692 καὶ
637 2630 688 2713 τὴν
713 2628 887 2715 Ἀφροδίτην
915 2630 983 2693 οὐδὲ
1011 2628 1092 2713 ίκτορ
1118 2627 1199 2712 ἔλεγε
1225 2631 1340 2716 βάλλειν
1368 2634 1439 2716 πρὸς
1467 2635 1499 2697 τδ
1600 2629 1602 2633 ’

250 2733 340 2816 αὐτῆς
362 2735 478 2802 καλλος.
513 2730 615 2796 υύκουν
638 2731 758 2817 ἔμελλεν
781 2733 1002 2816 ἁμαρτήσεσθαι
1017 2737 1107 2796 κακοῦ
1122 2737 1247 2797 νοσοῦσα
1269 2738 1400 2798 τοιαῦτα·
1427 2737 1501 2799 κατὰ

250 2836 303 2919 γὰρ
327 2837 375 2898 τδν
398 2841 450 2919 τῆς
466 2830 560 2919 Ἥρας
581 2834 671 2920 χύλον
694 2835 734 2903 εἰς
752 2833 826 2920 ὄρνιν
849 2836 1000 2921 αἰσχίστην
1022 2836 1055 2898 τδ
1077 2834 1153 2903 εἶδος
1166 2836 1199 2898 τδ
1215 2837 1244 2906 ἐξ
1267 2838 1362 2923 ἀρχῆς
1383 2838 1500 2923 ἤμειψε,

214 2940 299 3001 mai
325 2935 400 3002 ἔστιν
427 2939 447 3022 ἡ
473 2941 521 3000 νῦν
546 2937 664 3021 γέρανος
689 2939 736 3000 καὶ
758 2941 880 3021 πολεμεῖ
901 2941 960 3006 τοῖς
984 2938 1154 3021 Πυγμαίοις,
1182 2937 1226 3001 ὅτι
1247 2938 1337 3024 αὐτὴν
1359 2941 1498 3026 ἐξέμηνον

251 3046 288 3125 τῇ
313 3040 387 3124 πέρα
408 3045 480 3124 τιμῇ
503 3041 551 3103 καὶ
573 3040 738 3103 ἀπώλεσαν.

331 3143 405 3226 (67)
436 3141 502 3207 Εἰσὶ
525 3144 557 3206 δὲ
580 3143 609 3206 ἐν
632 3148 691 3211 τοῖς
707 3141 832 3212 Ἰνδικοῖς
854 3144 882 3206 οἳ
898 3143 1043 3226 Πυγμαῖοι
1064 3147 1227 3207 καλοῦνται.
1261 3148 1347 3229 χώρα
1361 3143 1386 3209 δ’
1404 3145 1498 3209 αὐτῶν

248 3247 342 3329 πολλὴ
374 3245 451 3329 μέση
480 3246 510 3309 ἐν
538 3251 575 3330 τῇ
599 3245 702 3330 Ἰνδικῇ
733 3245 780 3308 καὶ
808 3245 960 3330 άνθρωποί
987 3246 1042 3310 εἰσι
1069 3247 1205 3329 μέλανες,
1234 3247 1333 3331 ὥσπερ
1360 3250 1386 3310 οἱ
1416 3247 1498 3311 άλλυι

245 3349 327 3414 -Ἰνδυλ
348 3350 397 3411 καὶ
420 3347 604 3432 ύμύγλωσσοι
627 3349 758 3426 ἐκείνοις,
782 3349 876 3433 μικροὶ
899 3349 932 3411 δέ
954 3349 1059 3432 κάρτα,
1086 3350 1135 3412 καὶ
1157 3351 1184 3412 οί
1207 3350 1381 3434 μακρότατοι
1403 3350 1497 3415 αὐτῶν

202 3608 229 3660 16
246 3606 322 3676 ἀλλὰ]
341 3605 399 3659 ΑοΙ.
411 3611 467 3658 nat.
479 3606 558 3657 anim.
570 3605 620 3658 XV
635 3604 667 3658 29
687 3608 722 3673 (p.
735 3603 975 3670 386‚29-387,11
999 3606 1099 3669 Herch.)
1207 3603 1240 3656 27
1263 3603 1320 3673 εἰσὶ]
1343 3604 1375 3657 cf.
1394 3605 1461 3659 Ctes.
1481 3606 1550 3674 apud

199 3696 268 3749 Phot.
287 3712 313 3764 ρ.
325 3691 551 3748 46238-46b13

199 3919 210 3970 l
233 3920 280 3988 τὴν
299 3917 397 3989 πληγὴν
414 3915 431 3986 ἡ
450 3913 478 3968 τδ
496 3915 579 3985 δῆγμα
598 3914 759 3986 ποροπτύσος
778 3917 813 3968 D:
839 3916 886 3986 τὴν
904 3915 1001 3986 πληγὴν
1019 3913 1036 3985 ἡ
1055 3914 1084 3967 τδ
1103 3914 1187 3985 δῆγμα
1207 3914 1282 3982 μόνον
1303 3913 1460 3986 προσπτύσας
1480 3915 1550 3969 Aoi:

195 4006 329 4077 τῇπληγῄ
347 4005 421 4072 μόνον
440 4002 596 4075 προσπτύσαι
614 4003 726 4056 Hercher
864 4002 880 4055 2
904 4007 942 4072 τῷ
960 4002 1036 4072 σιάλῳ
1056 4005 1208 4067 (correctum
1228 4019 1241 4055 e
1259 4001 1354 4072 συάλψ)
1372 4004 1400 4055 τὸ
1419 4002 1497 4056 δεινὸν
1513 4004 1549 4056 D:

195 4094 222 4147 τδ
239 4093 318 4146 δεινὸν
335 4094 374 4162 τιγῖ
393 4091 470 4161 σιάλῳ
487 4092 545 4143 Αεί.
650 4090 666 4143 3
689 4090 804 4160 ἀτλήτως
824 4091 893 4144 Aah:
919 4089 1078 4159 ἀπλρτωςΙ)
1185 4089 1200 4141 6
1224 4088 1363 4159 κατισχύση
1382 4088 1452 4142 Aoi:
1480 4109 1548 4142 κατι-

195 4181 322 4252 σχύσαιΙ)
429 4178 444 4230 'i
468 4179 491 4231 οδ
509 4177 579 4231 Λολι
604 4177 665 4231 οίθ
772 4178 923 4249 προστρίψας
942 4179 977 4231 D:
1001 4175 1200 4247 πρυσονατρίψος
1217 4177 1275 4229 Aoi.
1380 4177 1396 4229 8
1419 4176 1548 4247 ἐξάντηῐ)

195 4269 317 4322 Hercher:
339 4267 443 4336 έξάντην
461 4267 522 4319 libri
539 4266 596 4319 Aol.
702 4266 822 4334 ἀποχρῶν
835 4264 905 4316 Aoi:
925 4265 1058 4335 ἀπύχρηί)
1168 4264 1200 4315 10
1217 4261 1312 4333 Λιβύης
1323 4250 1359 4317 Ι0.
1374 4263 1514 4317 Schneider

194 4354 280 4427 θηρῶν
298 4355 368 4408 Aoi:
393 4351 529 4424 θηρίωνΠ
651 4353 680 4405 ll
707 4354 841 4420 κάμνουσιν
860 4351 916 4404 Αολ.
1032 4350 1167 4421 μυδαλέησι
1184 4350 1337 4403 Schneider:
1362 4350 1493 4419 μυδαλέισι
1511 4352 1546 4403 D:

194 4442 338 4511 μυδαλέοιοι
355 4442 416 4495 libri
435 4441 491 4493 Ael.
608 4438 639 4491 12
664 4436 809 4511 θινοτρύφος
828 4440 850 4491 V
870 4443 896 4491 et
914 4440 1045 4492 Vindobb.
1065 4438 1132 4491 Aei:
1159 4435 1313 4507 θηνοτρύφος
1332 4438 1367 4491 D:
1392 4437 1548 4511 θηροτρόφυς

194 4532 271 4584 ceteri
289 4530 351 4583 libri
371 4530 427 4582 Ael.
566 4528 598 4579 14
623 4526 698 4596 ῥίζαις
718 4527 787 4580 Αυλε
812 4525 934 4595 ῥίψαιςί)
1071 4525 1180 4596 ἔρδοντες
1198 4526 1233 4577 D:
1259 4524 1368 4594 ἔρδοντες
1387 4526 1457 4578 Aoi:
1481 4525 1547 4596 ῥίζας

195 4619 308 4691 ἀρδονττς
328 4617 441 4669 Ηετοίιετ
577 4615 626 4667 ἑῶν
645 4613 664 4667 δ’
680 4614 728 4666 ἀπὸ
745 4613 855 4684 σύγχροο
873 4615 949 4683 γυίων
968 4615 1036 4668 Aoi:
1064 4615 1113 4666 ἐῶν
1131 4611 1150 4665 δ’
1166 4612 1214 4665 ἀπὸ
1233 4619 1333 4682 συγχρῶ
1352 4612 1436 4682 ἀγυῶν
1454 4613 1476 4665 Ι)

197 4707 227 4758 li
250 4704 409 4761 ἐκλείποντος
428 4707 472 4755 τοῦ
491 4703 575 4771 γένους
596 4706 641 4754 τοῦ
660 4708 712 4753 τῶν
730 4702 840 4772 ἀρρένων
860 4700 981 4771 βασιλέως
1000 4702 1034 4753 D:
1059 4700 1215 4758 ἐκλείποντος
1234 4700 1333 4770 ἄρρενος
1352 4699 1473 4769 βασιλέως
1490 4701 1547 4752 Ael.

197 4794 227 4845 18
245 4795 289 4845 καὶ
308 4795 433 4861 κρατῆσαι
443 4789 514 4843 Αελι
534 4790 692 4858 κροτῆσαιΙ)
785 4789 815 4840 19
835 4787 893 4840 κατ’
907 4788 963 4841 Δεί.
1045 4788 1079 4840 20
1096 4787 1126 4839 ἐκ
1144 4785 1241 4839 τούτων
1255 4785 1298 4839 οῦν
1317 4787 1399 4858 ἐκείνη
1418 4787 1477 4856 φασδ
1491 4788 1546 4841 Ael.

195 4878 227 4934 23
250 4883 357 4932 νοσοῦσα
376 4878 445 4931 Δολε
469 4881 588 4930 νοσοῦσαν
605 4877 627 4929 Ι)
735 4875 768 4928 27
793 4876 825 4928 ῑσὶ
844 4876 984 4928 omissione
1003 4875 1170 4930 rubricatoris
1188 4874 1210 4928 D
