3510 5610
772 252 976 325 cucurrero
1196 284 1200 290 v
1509 281 1549 320 vn

195 462 294 527 quare
322 442 467 526 quamvis
500 443 653 510 mendose
678 442 814 528 scriptus
847 441 946 506 sitin
979 448 1070 506 tanta
1101 448 1209 507 tamen
1236 441 1370 525 penuria
1392 440 1547 506 bonorum

195 563 348 628 librorum
371 582 412 627 ne
435 562 519 626 hunc
540 562 668 645 quidem
690 561 925 644 neglegendum
948 580 1020 626 θεεθ
1042 560 1236 626 existimavi.

280 682 335 747 IV.
379 681 526 744 Vsnsrus
549 681 768 747 Bibliothecae
783 679 968 745 Marcianas
979 679 1041 744 263
1063 678 1339 762 membranaceum
1362 679 1403 744 dc
1426 700 1488 762 quo
1505 680 1544 746 cf.
1568 681 1595 746 V

195 801 321 866 Zanetti
344 799 460 864 Graec.
484 800 522 863 D.
546 799 645 863 Marci
669 798 817 863 Biblioth.
841 820 871 881 p.
890 799 960 880 129,
984 798 1036 880 qui
1061 799 1179 862 saeculi
1204 818 1274 863 eum
1292 798 1362 864 XV.
1386 820 1458 865 esse
1480 820 1549 884 per-

74 920 79 930 '
197 918 293 984 hibet.
338 926 388 983 est
410 918 552 982 eiusdem
582 917 650 982 fere
672 916 780 1000 stirpis
808 937 846 982 ac
873 917 1037 982 Parisinus
1058 915 1142 980 2073
1163 915 1227 1003 (Q).
1273 918 1411 983 excussit
1433 920 1549 987 Daniel

197 1037 369 1104 Riccoboni
393 1037 544 1102 Venetus.

280 1156 318 1222 V.
361 1155 564 1220 Musrccnsrs
592 1155 705 1221 Graec.
726 1158 785 1222 461
825 1155 907 1241 (foll.
927 1152 1075 1239 ‹rs-77)
1110 1155 1298 1221 chartaceus
1331 1159 1450 1223 saeculi
1484 1158 1546 1222 for·
1567 1159 1599 1223 M

195 1283 283 1340 tasse
300 1273 384 1359 XV.;
407 1274 448 1339 de
470 1294 532 1356 quo
556 1273 595 1339 ci.
617 1275 720 1341 Hardt
742 1277 810 1342 Cat.
835 1274 927 1340 codd.
949 1273 1040 1339 MSS.
1064 1273 1284 1340 Bibliothecae
1305 1275 1426 1358 Regiae
1448 1276 1550 1343 Bava-

196 1394 282 1459 ricae
297 1392 406 1457 1432.
442 1399 548 1457 textus
563 1393 606 1457 ad
626 1395 814 1478 scripturam
831 1392 1038 1459 Laurentiani
1058 1393 1145 1457 haud
1165 1413 1237 1458 raro
1254 1395 1396 1477 proxime
1416 1397 1550 1480 accedit,

195 1513 241 1578 ita
262 1518 371 1577 tamen
393 1517 427 1574 ut
449 1510 715 1593 depravationum
744 1515 829 1579 omni
856 1532 973 1596 genere
1007 1518 1131 1577 scateat
1158 1519 1189 1576 et
1221 1522 1333 1595 aperte
1355 1513 1481 1580 tinxerit
1509 1537 1549 1582 ex

196 1632 307 1698 codice
328 1629 381 1694 ubi
404 1648 481 1694 casu
504 1629 719 1697 scribarumve
734 1632 858 1698 incuria
879 1630 1023 1697 nonnihil
1045 1631 1097 1696 hic
1111 1630 1176 1695 illic
1191 1631 1371 1699 excidisset.
1416 1634 1549 1700 contulit

197 1750 234 1815 Ε.
257 1750 396 1832 Trampe
422 1748 646 1837 Berolinensis.
1061 1746 1063 1750 ⁴

282 1867 334 1931 VI.
379 1868 547 1931 Pnnrsmcs
571 1868 684 1934 Graec.
704 1871 786 1935 1954
807 1870 886 1957 (foll.
905 1870 1022 1955 1-28)
1045 1871 1248 1955 chartaceus;
1271 1870 1312 1936 de
1335 1892 1397 1955 quo
1420 1873 1459 1937 cs.
1477 1872 1547 1938 Cat.
1571 1875 1596 1938 P

177 1988 288 2061 codd.
312 1984 403 2052 MSS.
428 1985 645 2053 Bibliothecae
669 1989 789 2073 Regiae
811 1991 940 2056 11424.
985 2000 1137 2055 exaratus
1160 1999 1208 2057 θεῖ
1234 1991 1283 2077 (ut
1304 1990 1345 2056 ab
1369 1991 1407 2055 H.
1432 1990 1548 2056 Omont

198 2107 313 2172 certior
327 2106 432 2171 factus
447 2106 530 2192 sum)
546 2127 641 2172 mann
655 2109 816 2175 Valeriani
829 2109 1060 2175 For-oliviensis
1075 2110 1160 2174 cirea
1174 2130 1292 2175 annum
1311 2111 1394 2176 1540
1406 2110 1548 2176 Venetiis

197 2226 339 2292 florentis
361 2226 414 2312 (cs.
431 2226 658 2292 Gardthausen
674 2228 729 2293 Gr.
747 2229 814 2294 Pal.
838 2250 868 2311 p.
886 2227 973 2312 341),
996 2249 1058 2310 quo
1075 2236 1218 2312 tempore
1234 2229 1360 2293 videtur
1381 2229 1415 2293 in
1432 2228 1549 2294 Biblio·

197 2346 322 2412 thecam
345 2347 492 2411 inductus
515 2347 665 2412 Gulielmi
688 2347 846 2412 Pelliserii
873 2347 926 2430 qui
948 2348 992 2412 ad
1015 2356 1160 2413 senatum
1180 2347 1338 2414 Venetam
1361 2349 1485 2430 legatus
1508 2367 1548 2413 ex

196 2465 306 2531 Gallia
328 2465 444 2530 missus
466 2465 580 2530 fuerat.
625 2473 674 2532 est
696 2466 838 2532 eiusdem
861 2466 929 2533 fere
951 2467 1058 2551 stirpis
1080 2486 1119 2532 ac
1139 2467 1342 2533 Monacensis
1365 2466 1435 2552 (M).

280 2585 349 2650 VII.
393 2585 597 2649 Huscnmuus
615 2588 698 2652 6299
714 2585 795 2671 (loll.
809 2587 925 2673 1-30)
948 2588 1137 2653 chartaceus
1160 2586 1278 2651 saeculi
1294 2585 1431 2651 fortasse
1445 2586 1546 2670 XVI.;
1568 2585 1599 2650 H

198 2703 239 2769 oo
261 2723 324 2787 quo
347 2704 386 2770 u.
410 2704 491 2771 ‘Cat
516 2705 552 2771 οε
575 2706 629 2770 us
651 2705 804 2770 narretur
826 2705 917 2773 uss.
939 2707 972 2771 u
1002 2705 1056 2770 ne
1078 2704 1195 2770 nstin
1218 2679 1375 2770 nussum
1395 2705 1457 2770 rn.
1474 2707 1546 2771 esc.

196 2832 244 2889 est
272 2825 416 2890 eiusdem
438 2824 505 2890 sere
532 2824 640 2908 stirpis
662 2845 700 2889 uc
723 2825 924 2891 Monacensis
947 2825 1017 2910 (M),
1053 2826 1110 2891 sed
1140 2834 1174 2890 ut
1196 2832 1316 2889 textum
1341 2825 1459 2891 habeat
1481 2847 1547 2890 non

195 2943 321 3009 indocte
336 2962 357 3008 a
372 2945 511 3026 quodam
528 2942 670 3009 refictum
687 2944 739 3029 qui
755 2945 875 3028 passim
899 2944 1119 3009 manifestiora
1136 2944 1214 3008 vitia
1228 2944 1440 3027 deprehendit
1455 2947 1548 3009 scita-

195 3082 256 3145 que
278 3062 460 3129 coniecturc
482 3071 538 3128 aut
558 3085 635 3128 vera
650 3071 706 3128 ant
720 3062 787 3128 veri
811 3063 928 3128 similis
950 3083 1176 3146 nonnunquam
1199 3064 1348 3147 repperit.
1376 3062 1547 3128 consentit

196 3200 264 3246 cum
293 3181 354 3247 hoc
382 3182 541 3247 artissime
575 3183 766 3249 Bodleianus
797 3190 906 3248 nostor
936 3182 1024 3248 Misc.
1052 3183 1165 3249 Graec.
1187 3183 1251 3248 235
1286 3183 1320 3273 (e
1346 3180 1548 3246 bibliotheca

195 3299 427 3385 Saibantiana),
450 3322 545 3384 quem
567 3300 731 3367 Harleiaui
756 3301 977 3385 apographum
1004 3323 1076 3368 θεεθ
1099 3301 1194 3369 certis
1216 3301 1342 3366 indiciis
1365 3299 1510 3383 cognovi.

278 3421 384 3486 Editio
409 3422 566 3505 promissa
592 3422 720 3506 quidem
748 3428 797 3487 est
830 3441 850 3486 a
874 3422 909 3487 V.
934 3421 1123 3488 Trincavelo
1150 3422 1192 3486 ad
1221 3422 1341 3486 calcem
1367 3417 1541 3485 Alexandri
1559 3438 1686 3533 mvndo

197 3539 456 3622 Aphrodisiensis
479 3540 708 3619 Quaestionum
730 3540 932 3605 Naturalium
956 3548 988 3605 θῖ
1006 3540 1175 3605 Moralium
1198 3559 1284 3604 anno
1303 3539 1384 3603 1536
1402 3537 1543 3604 Venetiis
1561 3547 1667 3593 1³¹⁰m¹³³⁸

195 3659 367 3744 editarum;
401 3660 490 3725 cuins
513 3661 595 3755 libri,
630 3660 690 3726 etsi
716 3660 803 3726 etin
829 3660 935 3725 fronte
956 3659 1171 3743 Metaphrasis
1194 3657 1349 3723 Prisciani
1376 3677 1446 3721 cum
1475 3656 1547 3722 aliis

196 3779 356 3861 opusculis
378 3782 535 3848 accedere
557 3782 672 3847 dicitnr
694 3788 727 3845 θῖ
747 3779 779 3844 in
803 3778 1010 3844 Praefatione
1031 3778 1116 3844 idem
1140 3777 1345 3860 significatur,
1374 3796 1467 3841 nemo
1491 3797 1546 3840 un·

195 3918 288 3980 quam
317 3903 498 3984 exemplum
533 3903 613 3967 vidit
646 3900 731 3984 quod
761 3897 845 3963 hanc
877 3897 1093 3962 accessionem
1122 3896 1279 3961 hahuerit.
1328 3897 1436 3979 itaque
1462 3895 1546 3960 duae

195 4020 413 4085 tantummodo
436 4029 510 4085 sunt
532 4021 648 4087 Graeci
670 4027 777 4084 textus
800 4016 971 4081 editiones:
1499 4004 1501 4009 ’

278 4136 303 4200 Ι.
347 4137 551 4221 Basileensis,
574 4140 616 4205 ad
642 4139 762 4204 calcem
785 4134 998 4219 Theophrasti
1023 4110 1261 4217 operumanno
1287 4136 1366 4201 1541
1393 4132 1583 4197 Basileaeh

195 4254 364 4320 editorum:
399 4258 631 4340 praefationem
658 4255 779 4319 habent
805 4253 870 4318 alia
897 4253 1047 4336 exempla
1068 4253 1256 4338 Hieronymi
1279 4252 1451 4320 Gemusaei
1480 4251 1547 4316 alia

194 4374 347 4440 Ioachimi
363 4376 549 4442 Camerarii.
599 4384 648 4441 est
670 4375 750 4439 liber
771 4372 941 4438 deterrime
964 4391 1099 4437 excusus
1121 4380 1153 4437 θῖ
1175 4392 1216 4438 ex
1231 4371 1402 4437 deterrimo
1426 4370 1546 4452 codice,

194 4514 263 4559 cum
287 4494 386 4560 variis
408 4495 441 4559 in
464 4495 607 4578 margine
629 4492 819 4560 lectionibus
843 4491 958 4574 partim
974 4511 1015 4557 ex
1031 4493 1133 4557 altero
1151 4492 1286 4556 sortasse
1302 4491 1413 4555 codice
1429 4488 1545 4572 partim

194 4633 233 4678 ex
255 4612 424 4679 Ficiniana
446 4614 595 4679 versione
617 4613 750 4678 haustis.

277 4734 317 4837 ¹¹:
362 4732 468 4797 Editio
491 4732 545 4799 Fr.
569 4731 742 4812 Wimmeri‚
772 4730 814 4794 ad
837 4730 956 4795 calcem
980 4728 1194 4813 Theophrasti
1218 4748 1350 4812 operum
1373 4728 1407 4793 iu
1430 4727 1546 4793 Biblio·
1569 4748 1599 4793 w

193 4850 286 4917 theca
308 4850 534 4916 Teubneriana
560 4870 645 4915 anno
672 4850 753 4915 1854
776 4849 944 4914 edit-orum.
988 4856 1094 4913 tentus
1123 4855 1172 4914 θεῖ
1194 4846 1389 4913 Basileeusis
1411 4847 1452 4912 ab
1475 4847 1546 4930 ipso
