3510 5610
817 338 987 394 pulsurum
1004 339 1087 393 LYDI

331 516 411 579 circa
426 515 618 600 propriorum
641 514 835 578 sensibilium
855 513 1109 596 assumptionem.
1142 511 1285 577 anomale
1307 511 1401 595 igitur
1423 511 1513 575 iactis
1533 532 1581 576 so·
1600 524 1648 583 sto

329 617 447 682 nitibus
472 619 654 682 sinuositete
683 617 814 681 nubium
840 621 962 680 constat
994 615 1120 699 quidem
1146 636 1184 679 ex
1211 615 1259 678 his
1286 615 1418 693 tonitru,
1451 614 1581 698 spiritus

331 741 403 783 uero
432 721 537 804 igneus
565 726 596 785 et
618 721 739 784 infirma
767 718 902 803 quadam
925 718 1086 801 flagrantia
1112 725 1203 782 utens
1226 716 1337 781 deinde
1366 716 1479 781 cadens
1505 717 1582 781 facit

329 824 486 905 fulgorem.
521 845 559 886 ex
580 822 629 886 his
649 823 755 906 itaque
778 821 920 885 omnibus
942 821 1079 886 collectis
1097 819 1340 904 unumquodque
1363 819 1395 883 in
1421 826 1505 883 terra
1526 837 1625 884 seuao

301 942 399 989 sacre
422 925 656 989 consistentium
682 924 776 988 habet
798 924 922 1007 quidem
950 945 1040 987 suum
1069 923 1210 987 naturale
1237 928 1431 986 momontum
1458 944 1583 986 sursum

327 1050 444 1106 uorsus
468 1035 499 1092 ct
514 1029 657 1092 deorsum
679 1027 745 1091 uim
761 1026 883 1111 patiens
899 1033 1006 1090 contra
1027 1036 1172 1090 naturam
1191 1025 1385 1110 opprimitur,
1408 1031 1440 1089 et
1455 1024 1582 1106 iterum,
1619 1053 1621 1056 ·

237 1139 243 1151 '
328 1131 479 1215 siquidem
504 1130 717 1215 permanserit,
740 1130 778 1194 ad
801 1129 959 1213 proprium
982 1129 1122 1192 refertur.

855 1402 949 1468 CAP.
971 1402 1057 1466 VIII.

842 1537 963 1603 Titulus
983 1541 1069 1604 decu.

290 1730 316 1774 ro
413 1713 452 1776 Et
478 1711 535 1775 hoc
564 1734 701 1797 quoque:
738 1733 833 1797 quare
866 1733 956 1776 omne
989 1711 1106 1776 animal
1133 1718 1189 1777 aut
1214 1713 1386 1776 animatum
1414 1721 1470 1776 aut
1495 1712 1583 1776 aliud

330 1814 486 1899 quoddam
518 1815 611 1879 sicuti
644 1815 817 1898 germinum
844 1816 895 1879 uel
922 1815 1077 1879 seminum
1103 1815 1323 1880 translatorum
1350 1838 1369 1880 a
1394 1817 1520 1900 regione
1548 1817 1582 1880 in

327 1918 484 2000 regionem
505 1923 560 1981 aut
580 1917 663 1982 locos
686 1918 849 2001 quosdam,
876 1923 932 1980 aut
952 1917 1147 1981 nascentium
1170 1917 1224 1998 ibi,
1247 1928 1316 2002 post
1337 1926 1460 2004 tempus
1483 1927 1577 1983 etex

328 2020 525 2103 generatione
551 2020 775 2104 degressionem
802 2027 1027 2083 conuertuntur
1052 2020 1152 2084 ueluti
1176 2020 1210 2084 in
1237 2022 1407 2106 plurimum
1434 2023 1580 2086 inillam

329 2131 472 2186 naturam
494 2144 549 2186 sou
572 2125 703 2188 sormam
725 2123 809 2187 illius
831 2127 932 2186 terrae
953 2122 986 2186 in
1006 2143 1101 2206 quam
1116 2124 1295 2189 transducta
1310 2125 1402 2190 sunt?
1425 2125 1496 2189 etsi
1512 2124 1582 2208 qui·

289 2242 315 2285 ts
328 2226 399 2290 dem
425 2224 550 2289 illorum
577 2225 786 2289 conuersionis
814 2246 905 2289 causa
932 2247 984 2289 aer
1011 2235 1066 2290 aut
1093 2232 1176 2290 terra
1198 2226 1241 2290 ibi
1264 2228 1396 2309 nogionis
1418 2229 1500 2292 iacta
1522 2238 1581 2306 est,

329 2330 368 2393 ob
391 2349 486 2412 quam
508 2349 634 2392 causam
654 2349 776 2412 semper
796 2327 841 2391 ibi
862 2328 1040 2392 habitantes
1063 2335 1118 2392 aut
1139 2329 1183 2393 ibi
1198 2331 1367 2407 nascentia,
1390 2331 1449 2395 etsi
1463 2331 1582 2396 similia
1595 2346 1623 2388 ¹⁰

328 2453 440 2516 genere
461 2431 538 2510 sint,
566 2431 714 2496 differunt
734 2433 832 2495 forma
855 2437 887 2495 et
907 2431 1112 2495 similitudine
1134 2438 1166 2495 et
1187 2431 1257 2495 aliis
1279 2433 1487 2516 quibusdam?
1513 2434 1584 2497 uni·

328 2535 492 2599 uersaliter
513 2534 597 2598 enim
619 2528 912 2598 natura'hominum
927 2534 1097 2597 secundum
1112 2535 1205 2598 clima
1220 2542 1252 2598 et
1265 2537 1422 2619 regionem
1437 2536 1584 2600 habitans

327 2637 493 2701 manifesta
520 2641 568 2701 est
595 2636 696 2720 qualis
725 2636 833 2701 coloris
856 2641 887 2699 et
909 2637 1026 2700 formae
1047 2637 1097 2700 sit.
1142 2643 1264 2701 constat
1290 2638 1373 2701 enim
1401 2659 1583 2722 cognoscere

290 2757 317 2800 ao
330 2740 471 2805 homines
494 2738 658 2803 orientales
680 2749 784 2823 partes
805 2738 983 2802 habitantes
1006 2744 1037 2802 et
1059 2739 1165 2803 anima
1192 2747 1223 2804 et
1245 2741 1424 2823 corporibus
1451 2763 1507 2826 per
1533 2762 1583 2805 oc·

328 2864 435 2907 casum
471 2840 654 2923 degentibus
690 2842 787 2924 magis
823 2841 940 2904 similes
979 2841 1148 2905 secundum
1190 2843 1327 2906 animam
1367 2843 1584 2908 habitantibus

330 2946 491 3010 orientem.
552 2942 757 3028 similiterque
800 2943 838 3006 de
881 2943 1095 3029 habitantibus
1139 2944 1218 3009 alias
1261 2952 1364 3029 partes
1408 2945 1584 3011 deliberan-

329 3050 413 3113 dum.
463 3047 496 3110 in
529 3046 700 3130 praesentis
733 3044 868 3129 kapituli
900 3044 1134 3129 inquisitionem
1167 3047 1223 3110 illa
1249 3049 1468 3132 praeponenda
1500 3066 1626 3133 quaeso

330 3151 413 3215 dicta
445 3155 519 3213 sunt
551 3149 637 3233 prius
670 3148 708 3212 de
741 3147 975 3212 immortalitate
1012 3155 1043 3212 et
1074 3148 1275 3233 simplicitate
1309 3158 1341 3215 ot
1373 3151 1406 3215 in
1440 3171 1583 3235 corpora·

289 3270 316 3314 aa
331 3255 420 3318 litate
453 3251 577 3316 animae
610 3256 642 3314 et
671 3250 842 3315 secundum
876 3250 1042 3314 essentiam
1073 3250 1342 3331 immutabilitate,
1377 3253 1583 3338 qualitatibus

329 3356 455 3442 quidem
488 3353 676 3418 irrationalis
712 3353 797 3416 uitae
833 3359 864 3417 et
901 3353 1111 3442 corporalibus
1147 3355 1286 3419 materiis
1322 3361 1353 3419 ot
1386 3356 1583 3440 passionibus

329 3459 475 3546 proprias
491 3456 684 3541 operationes
707 3464 738 3519 et
760 3455 892 3519 uirtutes
914 3456 1124 3536 immutantis,
1152 3458 1249 3521 ueluti
1277 3459 1365 3523 uerbi
1387 3460 1486 3543 gratia
1509 3481 1582 3525 con·

328 3566 479 3628 formatae
501 3557 655 3622 materiali
678 3564 710 3621 et
732 3557 1002 3621 circumstantibus
1025 3559 1229 3632 extrinsecus,
1257 3582 1318 3625 non
1345 3570 1450 3625 tamen
1472 3584 1582 3627 secun·

330 3665 405 3728 dum
428 3670 572 3727 naturam
588 3660 744 3745 propriam
760 3659 908 3723 uariatae.
953 3660 1000 3723 his
1014 3661 1122 3744 itaque
1136 3662 1170 3725 in
1186 3663 1330 3727 omnibus
1345 3663 1581 3748 praeordinatis,

279 3810 510 3821 ——-.‘-———

277 3887 289 3938 l
310 3885 342 3937 ct.
362 3885 471 3937 hristot
485 3880 588 3933 stabi:
609 3878 762 3933 παντοδαποὶ
781 3878 804 3933 δ’
821 3882 843 3934 oi
862 3881 940 3952 ψόφοι
959 3882 999 3935 διὰ
1016 3883 1063 3952 τὴν
1082 3881 1229 3952 ἀνωμαλίαν
1247 3901 1275 3935 τε
1292 3883 1400 3952 γίνονται
1417 3889 1470 3934 τῶν
1488 3892 1575 3955 νεφῶν
1594 3889 1640 3941 καλ

275 3971 315 4023 διὰ
333 3972 377 4027 τὰς
395 3967 488 4038 μεταξὺ
506 3966 610 4029 κοιλίας,
629 3962 645 4039 ᾗ
664 3966 693 4018 τὸ
713 3969 815 4042 συνεχὲς
832 3968 940 4022 ἐκλείπει
958 3974 1004 4039 τῆς
1021 3970 1186 4041 πυκνότητος.
1221 3971 1237 4041 ἡ
1257 3971 1301 4039 μὲν
1319 3968 1363 4022 οὖν
1381 3970 1474 4041 βροντὴ
1492 3972 1564 4025 τοῦτ’
1586 3974 1640 4027 ἔστι

275 4059 319 4110 καί
337 4057 427 4127 γίνεται
445 4056 485 4108 διὰ
506 4054 601 4122 ταΰτην
619 4054 665 4124 τὴν
684 4054 777 4107 αίτίαν·
804 4055 878 4109 τὸδὲ
899 4061 998 4125 πνεῦμα
1016 4057 1044 4111 τὸ
1063 4056 1243 4129 ἐκθλιβόμενον
1266 4057 1397 4111 τὰπολλὰ
1419 4059 1465 4127 μὲν
1483 4059 1639 4134 ἐκπυροῦται

275 4143 355 4215 λεπτῇ
373 4146 417 4197 καί
435 4142 534 4196 ἀσθενεῖ
549 4140 671 4213 πυρώσει,
689 4144 733 4194 καί
750 4142 820 4195 τοῦτ’
841 4144 913 4197 ἔστιν·
925 4144 956 4215 ἣν
974 4144 1101 4214 καλοῦμεν
1119 4146 1261 4218 ἀστραπήν,
1279 4141 1296 4220 ᾗ
1315 4144 1346 4197 ἂν
1365 4144 1448 4215 ὥσπερ
1466 4146 1589 4201 ἐκπῖπτον
1608 4149 1639 4204 τὸ

275 4235 374 4299 πνεῦμα
392 4228 570 4301 χρωματισθὲν
588 4226 657 4297 ὀφθῇ
767 4231 798 4282 10
816 4231 848 4282 cf.
867 4232 941 4285 Plato
959 4234 1024 4300 Rep.
1039 4234 1083 4286 Vl.
1099 4233 1192 4285 4973:
1210 4234 1405 4301 Theophrastus
1422 4234 1454 4287 Π.
1464 4235 1493 4288 Ρ.
1513 4236 1562 4289 8.8

278 4419 290 4470 l
320 4420 493 4487 propriorum]
512 4419 625 4485 priorum
646 4420 680 4471 0¹
796 4420 812 4471 9
840 4423 904 4472 deest
923 4424 1015 4487 tiendus,
1034 4425 1113 4493 spurio
1132 4437 1232 4476 umente
1251 4426 1275 4475 iu
1297 4424 1354 4477 GH
1465 4427 1494 4479 11
1524 4429 1638 4482 transla-

276 4506 374 4574 torum]
398 4505 531 4573 translat(
566 4505 627 4572 )·r-(
661 4506 672 4572 )
698 4510 720 4560 θ
856 4509 887 4561 12
915 4515 974 4578 post
995 4516 1097 4580 tempus
1121 4510 1177 4580 ete]
1200 4530 1288 4580 praece
1305 4514 1368 4579 sort.
1392 4513 1456 4580 perd
1478 4515 1570 4587 χρόνον
1594 4519 1639 4570 καὶ

275 4594 322 4663 τὴν
341 4594 370 4645 ἐκ
388 4596 489 4662 γενετῆς
508 4595 656 4660 μετάστασιν
742 4596 773 4649 13
792 4597 979 4665 digressionem
998 4598 1031 4648 Η
1106 4600 1259 4667 plurimum]
1279 4600 1337 4667 plus
1358 4600 1392 4650 0¹
1476 4603 1507 4654 14
1527 4604 1551 4655 si
1571 4603 1637 4657 CM:

277 4682 315 4733 sic
337 4681 371 4732 G:
392 4701 437 4732 om.
458 4680 483 4730 11
598 4681 628 4733 18
656 4683 786 4751 regionem
807 4684 939 4753 habitans]
959 4702 1030 4738 -nem
1048 4687 1172 4738 habitans
1192 4686 1530 4740 mulierositatem

279 4769 378 4820 lsi-21
399 4768 464 4819 locrus
482 4768 580 4819 villosus
592 4771 705 4836 sortasse
724 4773 796 4822 etiam
814 4773 838 4822 ia
858 4774 910 4837 ipso
927 4792 1017 4838 praeco
1036 4773 1117 4824 coda'ce
1226 4773 1638 4849 19-20constat—orientalcs]

278 4856 517 4909 ·stat-orientales
538 4856 574 4907 6²
593 4859 618 4907 in
637 4858 712 4910 lituro
732 4861 771 4910 cel
789 4859 878 4909 lacuna
983 4860 1015 4913 21
1037 4862 1120 4930 magis
1139 4860 1237 4913 similes
1258 4860 1293 4912 6²
1312 4862 1335 4910 in
1354 4862 1430 4912 litura
1449 4865 1487 4914 ecl
1503 4866 1593 4918 lacuna

273 4953 329 5010 post
347 4943 443 4996 similes
455 4946 520 5012 sort.
540 4943 556 4995 3
575 4943 620 4997 litt.
639 4962 704 4996 aaa.
726 4945 748 4997 0
855 4945 888 5000 ‘25
907 4948 1116 5002 immotabilitote
1137 4946 1173 4999 6²
1277 4947 1310 5000 27
1330 4949 1492 5006 immutantis
1513 4954 1551 5006 0²
