3524 5596
268 283 309 347 56
811 275 1081 333 unisonuramr

322 453 406 517 enim
429 452 511 537 quod
534 451 730 536 compellitur
750 474 848 536 usque
870 451 909 516 ad
932 449 1086 535 quoddam
1102 448 1256 534 compelli,
1279 448 1390 514 deinde
1404 451 1519 515 reuerti
1535 456 1567 515 et
1585 463 1638 522 502

322 556 505 620 transmitti:
529 556 662 619 calidum
686 576 808 640 quoque
831 554 1073 636 uniuscuiusque
1093 552 1276 616 animalium
1290 552 1331 616 ad
1344 554 1484 638 superius
1500 576 1572 620 con·
1585 571 1615 614 ιο

254 672 257 679 ·
322 659 424 722 sueuit
451 659 563 739 leuari,
598 666 628 722 et
653 658 698 722 ibi
725 657 909 722 cumulatim
942 662 1086 741 grauatae
1118 655 1264 719 materias
1297 655 1336 720 ab
1367 656 1433 740 ipso
1461 658 1574 722 accidit

323 761 437 824 iterum
460 761 574 825 reuerti
597 766 628 824 et
650 760 794 824 deorsum
815 760 887 823 ferri
910 767 941 824 et
963 759 1140 843 refrigerare
1163 758 1299 823 calidum
1321 760 1404 843 quod
1426 759 1506 825 circa
1521 781 1594 851 cor!

296 872 378 929 sest.
423 864 480 929 tali
512 873 617 928 antem
650 862 880 945 refrigeratione
914 863 997 926 facta
1028 883 1155 927 somnus
1186 861 1355 927 inducitur.
1375 863 1572 959 pumiditstis

323 969 408 1031 onim
434 988 564 1051 nepotes
589 987 688 1050 usque
714 965 753 1028 ad
779 964 937 1050 superiora
966 965 1132 1049 implentes
1154 964 1235 1028 circa
1256 966 1415 1031 cerebrum
1437 967 1469 1030 in
1492 967 1575 1051 quod

324 1071 537 1147 cumulantur,
571 1068 653 1152 quod
680 1073 726 1132 est
751 1066 985 1150 frigidissimum
1011 1066 1152 1130 omnium
1177 1088 1257 1150 quae
1283 1075 1357 1132 sunt
1382 1070 1415 1132 in
1438 1090 1575 1155 corpore,

324 1178 495 1256 aggranant
516 1179 610 1256 capnt
631 1177 663 1235 et
684 1171 846 1255 palpebras
869 1174 901 1233 et
923 1169 1055 1233 dormire
1077 1168 1204 1233 iaciunt.
1249 1192 1322 1234 cum
1339 1193 1414 1236 uero
1428 1172 1576 1236 llnxerint
1613 1184 1619 1195 ·

324 1276 468 1340 deorsum
491 1282 523 1337 et
544 1273 720 1338 reuersione
743 1272 820 1336 illud
843 1273 978 1337 calidum
1000 1272 1034 1335 in
1056 1271 1158 1355 ipsum
1180 1292 1231 1335 cor
1253 1273 1473 1358 compulerint,
1500 1284 1576 1339 tunc
1590 1292 1618 1334 so

285 1395 310 1440 ιο
323 1375 538 1442 habundantia
560 1375 684 1438 umidae
707 1396 794 1439 escae
817 1374 976 1458 refrigerat
998 1374 1132 1438 calidum
1155 1375 1237 1458 quod
1253 1375 1333 1440 cirea
1348 1397 1401 1441 cor
1416 1385 1471 1456 est,
1493 1378 1576 1442 sicut

324 1479 517 1564 superposita
538 1479 639 1542 multa
660 1477 745 1562 ligna
766 1477 830 1560 igni
851 1477 1031 1559 refrigerare
1051 1477 1180 1558 iaciunt,
1203 1485 1234 1542 et
1249 1486 1325 1542 tunc
1339 1479 1472 1544 dormire
1487 1503 1576 1566 prae-

324 1589 423 1669 parat.
468 1581 600 1646 eflicitur
622 1580 706 1644 enim
727 1566 854 1644 somnus
877 1579 1055 1663 corpulento
1077 1580 1240 1645 sublenato
1261 1582 1394 1646 acelore
1409 1603 1464 1666 per
1479 1605 1575 1648 nenas

327 1687 365 1750 ed
389 1691 495 1769 capnt;
519 1690 550 1748 et
572 1684 648 1747 dum
669 1689 832 1766 superatur
854 1703 892 1745 ex
914 1681 1128 1746 habundantia
1149 1689 1323 1766 granatum,
1345 1687 1458 1750 iterum
1477 1687 1575 1772 repel-

325 1789 400 1853 litur
428 1793 459 1851 ot
485 1787 627 1851 deorsum
654 1784 777 1848 lluendo
804 1785 952 1868 gregatim
977 1785 1127 1848 infirmari
1159 1787 1234 1849 lacit
1266 1790 1440 1853 naturalem
1473 1790 1574 1853 cordis

183 1915 186 1920 ·
285 1909 311 1953 ιο
324 1893 467 1957 calorem.
513 1888 683 1972 digestione
698 1894 804 1950 antem
819 1888 900 1950 faeta
915 1895 947 1951 et
961 1908 1091 1951 somnus
1102 1888 1305 1971 conquiescit:
1327 1892 1475 1974 quamdin
1491 1893 1574 1955 onim

324 1995 507 2059 indiscretus
530 1998 577 2056 est
597 1989 720 2072 sanguis
742 1995 811 2072 post
834 2010 941 2052 aescae
970 1988 1178 2069 affectionem,
1212 2011 1337 2055 somnus
1363 1996 1409 2072 lit3
1444 1994 1618 2060 discretore

327 2118 400 2161 nero
423 2096 571 2179 sanguine
595 2102 627 2158 et
648 2091 770 2177 puriore
793 2091 1012 2176 adsuperiora
1033 2092 1196 2174 collocato,
1224 2094 1447 2161 turbulentiore
1470 2104 1576 2162 autem

323 2200 464 2285 partibus
497 2219 575 2281 qnae
608 2203 682 2260 snut
716 2194 858 2258 doersum
888 2194 1056 2274 insidente,
1087 2197 1218 2279 resurgit
1250 2198 1367 2262 animal
1398 2221 1435 2262 ox
1469 2221 1577 2264 aescae

230 2285 234 2292 ⁵
325 2303 478 2386 grauitate
501 2299 687 2364 absolutum.
733 2297 854 2361 causale
878 2288 947 2380 ergo
970 2297 1140 2361 dormiendi
1164 2306 1210 2363 est
1231 2321 1250 2363 a
1272 2301 1450 2384 corpulento
1472 2302 1576 2366 suble-

284 2422 312 2466 ao
325 2412 399 2469 uate
423 2426 441 2468 a
464 2402 660 2467 connaturali
684 2400 783 2465 calido
807 2422 949 2486 pressura
970 2400 1130 2464 cumulata
1150 2401 1190 2465 ad
1212 2402 1347 2485 primum
1371 2411 1402 2468 et
1416 2406 1575 2491 proprium

327 2509 525 2591 αισθητηριον.
568 2525 694 2567 somnus
716 2503 800 2567 enim
822 2503 915 2587 primi
937 2502 1104 2587 αιοθητηριί
1123 2503 1259 2569 delectus
1275 2506 1314 2569 ad
1329 2528 1392 2571 non
1407 2508 1577 2572 nolendum

326 2610 496 2676 secundum
519 2607 674 2691 propriam
690 2605 881 2670 caliditatem
896 2605 1026 2690 operari,
1050 2626 1087 2668 ex
1102 2608 1286 2672 necessitate
1301 2608 1425 2692 quidem
1446 2611 1574 2675 animali

326 2716 425 2778 factus
457 2731 512 2795 pro
544 2708 658 2773 salute:
693 2708 797 2772 salnat
829 2707 912 2772 enim
945 2707 1076 2790 requies.
1120 2709 1174 2772 sed
1200 2709 1281 2774 sicut
1306 2712 1619 2796 superintrodnctaao

276 2975 287 3026 l
307 2967 556 3025 suentensem:
585 2965 718 3034 ἀναγκαῖον
736 2966 781 3035 γάρ
803 2965 832 3018 τό
850 2963 1059 3033 ἀναθυμιώμενον
1078 2965 1151 3038 μέχρι
1172 2985 1216 3019 του
1239 2964 1371 3032 ώθεῑσθαι,
1394 2969 1440 3021 εἶτ’
1460 2972 1631 3044 ἀναστρέφειν

273 3061 316 3113 καὶ
339 3055 502 3127 μεταβάλλειν
524 3052 639 3125 καθάπερ
662 3051 769 3123 εὔριπον.
805 3052 834 3105 τύ
857 3053 883 3104 δέ
905 3050 998 3122 θερμὸν
1021 3053 1129 3105 ἑκάστου
1151 3060 1203 3105 τῶν
1226 3055 1299 3123 ζῴων
1321 3054 1382 3126 πρὸς
1403 3057 1433 3109 τὸ
1455 3057 1509 3110 ἀνω
1532 3061 1631 3130 πέφυκε

273 3144 403 3220 φέρεσθαι·
422 3143 481 3196 όταν
500 3142 525 3195 δέ
543 3143 569 3195 ἐν
587 3149 638 3200 τοῖς
656 3141 709 3193 ἀνω
727 3140 813 3198 τόποις
830 3141 939 3210 γένηται,
957 3139 1049 3210 ἀθρόον
1067 3139 1139 3191 πάλιν
1158 3141 1309 3212 ἀντιστρέφει
1328 3145 1371 3196 καὶ
1389 3146 1558 3216 καταφέρεται

273 3237 288 3288 6
309 3230 454 3299 cerebrum]
474 3231 511 3283 ld.
531 3229 655 3283 lothan:
673 3230 775 3280 πάντων
793 3227 817 3280 δ’
838 3228 888 3279 ἐστί
905 3235 958 3279 τῶν
977 3228 1003 3279 ἐν
1021 3234 1059 3297 τῷ
1078 3227 1176 3295 σώματι
1195 3227 1352 3300 ψυχρότατον
1370 3229 1384 3282 ό
1402 3232 1546 3302 ἐγκέφαλος.

273 3324 290 3375 8
318 3317 476 3390 aggrauant]
500 3318 538 3370 ld.
557 3316 680 3370 456b32:
708 3316 868 3368 ἀδυνατοῦσιν
892 3315 968 3387 αἴρειν
990 3316 1037 3384 τὴν
1055 3315 1167 3384 κεφαλὴν
1191 3316 1233 3367 καί
1255 3318 1285 3368 τὰ
1305 3317 1416 3389 βλέφαρα
1445 3348 1477 3356 -
1504 3322 1630 3375 45(;ο96;

274 3407 373 3479 βαρύνει
397 3407 440 3458 καὶ
462 3412 528 3457 ποιεῖ
548 3405 673 3465 νυστάζειν
798 3404 830 3456 10
859 3404 895 3454 Ιιί.
913 3402 1034 3455 457b17:
1061 3401 1096 3454 ἔτι
1119 3402 1146 3455 δέ
1168 3402 1262 3473 πολλῆς
1281 3404 1450 3476 ἐμπιπτούσης
1467 3413 1575 3477 τροφῆς,
1599 3411 1631 3480 ἢν

273 3496 357 3564 ἀνάγει
374 3494 404 3546 τὸ
423 3490 528 3562 θερμόν,
551 3491 635 3564 ὥσπερ
653 3491 682 3544 τὸ
701 3495 750 3562 πῦρ
768 3489 945 3558 ἐπιτιθεμένων
967 3496 1020 3542 τῶν
1039 3488 1132 3554 hilma,
1155 3489 1329 3564 ααταψύχεται
1348 3491 1395 3550 ἕως
1420 3492 1449 3545 ἀν
1468 3495 1631 3570 ιιαταπεφθγῖ.

273 3583 364 3653 γίνεται
381 3582 427 3650 γὰρ
446 3579 459 3632 ό
478 3578 561 3645 ὕπνος,
581 3578 665 3648 ὥσπερ
684 3578 791 3649 εἴρηται,
815 3582 859 3629 τοῦ
877 3577 1047 3645 σωματώδους
1065 3577 1249 3649 ἀναφερομένου
1272 3577 1321 3631 ύπὸ
1343 3585 1388 3631 τοῦ
1407 3579 1501 3652 θερμοῦ
1520 3582 1559 3635 διὰ
1578 3591 1631 3636 τῶν

273 3668 374 3739 φλεβῶν
392 3667 455 3738 πρὸς
471 3668 518 3737 τὴν
537 3667 658 3737 κεφαλήν.
693 3664 752 3718 όταν
770 3665 796 3718 δέ
815 3666 907 3733 μηκέτι
926 3663 1037 3734 δύνηται,
1055 3663 1119 3716 ἀλλά
1136 3669 1175 3734 aqi
1194 3663 1284 3735 πλήθει
1302 3665 1446 3737 ὑπερβάλλῃ
1464 3668 1493 3721 τὸ
1512 3670 1631 3741 ἀναχθόν,

273 3756 347 3809 πάλιν
366 3756 550 3823 ἀνταπωθεῖται
572 3756 706 3807 acladius
726 3754 763 3827 βεῐ
887 3753 918 3805 14
946 3753 983 3804 ld.
1001 3752 1123 3804 lolble:
1152 3751 1181 3803 τὸ
1199 3753 1265 3805 ιατά
1288 3752 1359 3822 φύσιν
1377 3752 1470 3826 θερμὸν
1493 3764 1558 3809 ποιεῖ
1576 3757 1631 3818 ἐξα-

273 3841 384 3894 ύυνατεῖν
408 3843 452 3895 καὶ
475 3842 617 3915 ὑποχωρεῖν
743 3841 774 3895 16
800 3844 838 3896 ld.
856 3840 976 3894 458221:
1001 3838 1040 3891 διὰ
1058 3838 1084 3890 δέ
1106 3839 1135 3891 τὸ
1157 3837 1267 3909 γίνεσθαι
1289 3839 1496 3913 ἀόιαιριτώτερον
1519 3844 1547 3895 τὸ
1569 3845 1631 3913 αἷμα

274 3930 336 3998 μετὰ
359 3931 405 3999 τὴν
428 3935 474 4000 τῆς
495 3935 590 4001 τροφῆς
611 3930 753 4001 προσφορὰν
771 3928 785 3982 ὁ
804 3927 879 3987 ὕπνος
897 3928 1001 3999 γίνεται,
1024 3926 1071 3984 ἕως
1095 3926 1125 3978 ἂν
1148 3925 1265 3999 διακριθῇ
1288 3932 1333 3980 τοῦ
1351 3928 1457 3997 αῐματος
1474 3929 1502 3983 τὸ
1521 3931 1568 3997 μέν
1587 3951 1633 3984 κα-

274 4016 418 4089 θαρώτερον
442 4018 476 4076 είς
498 4019 529 4071 τὰ
552 4018 618 4081 ἀνω,
643 4017 672 4069 τὸ
696 4016 722 4068 όέ
740 4015 910 4087 θολερώτερον
934 4016 967 4073 εἰς
990 4015 1022 4066 τὰ
1040 4016 1120 4067 κάτω.
1157 4013 1217 4067 όταν
1235 4015 1260 4068 δὲ
1283 4019 1357 4068 τοῦτο
1376 4018 1474 4088 συμβῇ,
1497 4018 1634 4092 ἐγείρονται

273 4103 432 4157 ἀπολυθέντα
449 4109 494 4156 τοῦ
513 4105 542 4157 ἐκ
564 4109 611 4175 τῆς
635 4108 731 4176 τροφῆς
749 4104 848 4175 βάρους
883 4103 909 4155 τί
926 4102 972 4172 μέν
996 4100 1040 4154 ούν
1063 4103 1091 4153 τὸ
1110 4101 1189 4155 αἴτιον
1212 4107 1256 4155 τοῦ
1274 4100 1407 4155 καθεύδειν
1425 4103 1533 4175 εἴρηται,
1558 4105 1632 4178 ότιη

274 4190 322 4244 ύπὸ
341 4196 386 4244 τού
405 4191 576 4260 σωματώδους
594 4196 639 4244 τοῦ
658 4192 845 4263 ἀναφερομένου
868 4189 917 4244 ύπὸ
935 4194 981 4242 τού
999 4188 1130 4259 συμφύτου
1148 4187 1243 4261 θερμοῦ
1262 4190 1455 4263 ἀντιπερίστασις
1473 4190 1574 4263 ἀθρόως
1593 4195 1633 4246 ἐπὶ

273 4278 303 4330 τὸ
321 4286 422 4347 πρῶτον
440 4277 613 4351 αἰσθητήριον·
641 4280 685 4332 καὶ
702 4279 727 4331 τί
745 4279 810 4331 ἐστιν
832 4277 846 4330 ό
865 4276 952 4341 ύπνος,
975 4275 1013 4329 ότι
1031 4281 1076 4329 τοῦ
1099 4276 1202 4347 πρώτου
1220 4276 1382 4347 αἰσθητηρίου
1405 4279 1548 4351 κατάληψις
1569 4281 1631 4353 πρὸς

273 4365 302 4417 τὸ
322 4367 358 4435 μὴ
377 4365 495 4419 δύνασθαι
515 4366 629 4438 ἐνεργεῖν,
651 4364 676 4426 ἐξ
694 4366 805 4436 ἀνάγκης
824 4365 869 4434 μίν
887 4366 1014 4436 γινόμενος
1036 4362 1077 4431 (ού
1095 4366 1141 4433 γάρ
1160 4364 1287 4438 ἐνδέχεται
1305 4367 1370 4435 ζηῐον
1390 4366 1451 4419 εἶναι
1470 4368 1505 4438 μὴ
1525 4369 1631 4439 συμβαι-

274 4453 370 4505 νόντων
388 4460 441 4506 τών
459 4454 666 4526 ἀπεργαζομένων
684 4452 765 4521 αύτό),
785 4454 859 4506 ἕνεκα
876 4452 903 4506 ὃέ
923 4451 1060 4524 σωτηρίας·
1080 4451 1154 4512 σώζει
1171 4452 1216 4524 γάρ
1235 4453 1251 4522 η
1271 4454 1407 4511 ἀνάπαυσις

275 4694 291 4746 3
318 4694 355 4747 ibi
377 4693 413 4744 (3²
430 4694 454 4744 in
473 4712 523 4744 ras.
542 4693 570 4760 (5
588 4694 631 4744 lin.
651 4694 729 4759 ενοι.)
842 4695 874 4748 10
901 4711 974 4748 escae
996 4694 1043 4746 (1¹¹2
1062 4710 1153 4747 aescae
1174 4694 1210 4745 θ’
1322 4695 1353 4747 12
1379 4697 1448 4749 enim
1467 4696 1528 4747 οόά.
1548 4715 1629 4766 cupra

274 4780 414 4832 cersumG
523 4784 553 4834 14
571 4781 645 4846 facit]
663 4781 761 4848 recepit
778 4781 843 4834 fecit
864 4781 897 4834 G'
999 4780 1033 4833 ἀί)
1050 4781 1217 4848 praesuraG
1318 4782 1348 4834 ‘21
1372 4777 1628 4830 ΑΙΟΘΗΤΗΡΙΟΝ

278 4865 313 4917 G²
331 4870 356 4917 ιἰι
375 4886 427 4920 ros.
532 4861 742 4914 AlcetlTllPtt
765 4868 822 4937 (sic)
844 4868 879 4921 θ’
897 4871 921 4920 in
940 4888 990 4920 ras.
