3510 5610
275 302 294 342 x
849 290 1043 344 PRAEFATIO

274 470 333 534 γοῦν
350 463 434 536 ὄφεως
455 463 574 521 δακόντος
591 462 691 514 ἐπαίου-
742 461 824 533 ὄφεως
869 462 991 521 δακόντος
1030 462 1155 515 ἐπαΐουσιν

275 568 313 605 σιν
333 549 391 605 οὔτε
413 550 550 621 φαλαγγίου
573 548 691 610 νίιξαντος
741 547 799 603 οότε
817 549 954 620 φαλαγγίου
971 548 1097 613 νίξαντος,
1120 549 1156 608 ὡς

274 639 311 699 ὡς
332 640 390 698 τοὺς
412 637 504 697 ὄλλους
524 639 559 696 είς
580 635 690 690 θάνατον
740 640 798 696 τους
810 636 909 701 ἄλλους,
928 638 963 695 είς
978 636 1086 690 θάνατον
1099 635 1156 690 οότε

275 724 333 779 οότι
359 726 410 796 μὴν
438 725 559 796 σκορπίου
586 726 690 796 κέντρον
741 726 792 795 μὴν
810 725 930 797 σκορπίου
945 725 1048 796 κέντρον
1060 725 1157 796 ἀπερεέ.

273 813 456 886 ἀπερείσαντας.
500 813 561 866 ἐπὰν
587 812 614 866 δέ
642 812 690 884 ἄρα
743 831 839 871 σαντος.
874 813 936 865 ἐπὰν
955 811 981 864 ὄέ
1000 811 1156 882 ἄρατοότων

274 899 372 954 τοίτων
383 899 542 973 προσπιλάση
552 919 576 953 τι
585 898 638 968 ἅμα
647 900 691 952 καὶ
742 899 901 970 προσπελάση
913 918 937 951 τι
950 898 1002 966 όμα
1020 899 1063 952 καὶ
1080 917 1157 968 παρα-

274 987 426 1060 παραψαίιση
444 993 490 1041 του
513 987 631 1055 σώματος
647 988 691 1039 καὶ
743 986 827 1057 ψαυση
845 992 890 1039 τοῦ
909 986 1027 1055 σώματος
1045 987 1087 1038 καὶ
1106 985 1158 1053 ἅμα

274 1074 415 1144 ὄματικαὶ
426 1078 473 1143 τῆς
481 1074 561 1144 όσμῆς
570 1078 615 1144 τῆς
628 1072 691 1126 ἐκεί·
742 1093 766 1128 τι
793 1075 836 1127 καὶ
868 1073 948 1143 όσμῖγς
977 1077 1023 1144 τῆς
1055 1074 1158 1127 ἐκείνων

274 1181 325 1215 νων
335 1161 638 1233 ψαὺσηὴσπάση,ὥσπερ
647 1159 691 1212 οὖν
743 1162 826 1232 ψαίοση
849 1162 866 1233 ἡ
891 1164 981 1233 σπάση,
1007 1160 1091 1233 ὥσπερ
1115 1160 1158 1213 οὖν

274 1252 409 1322 φαρμάκου
440 1251 589 1319 γευσάμενον
616 1247 691 1301 ίαπνο-
743 1252 878 1321 φαρμάκου
907 1250 1058 1317 γευσάμενον
1084 1247 1158 1300 ὐπνο-

274 1342 355 1401 ποιοῦ,
373 1337 483 1409 κάρωσίν
501 1354 554 1388 τινα
572 1335 691 1405 ἐλκτικὴν
742 1340 822 1399 ποιοῦ,
841 1336 951 1405 κάριυσίν
968 1355 1024 1389 τινα
1040 1335 1159 1406 ἐλκτικην

274 1425 308 1483 τίς
332 1423 493 1495 ἀναισθησίαν
521 1425 690 1491 ἐμποιοῦντος,
743 1426 778 1482 είς
806 1422 967 1494 ἀναισθησίαν
998 1425 1160 1492 ἐμποιοῦντος

274 1509 401 1583 ἐξασθενεῖ
409 1513 452 1564 καὶ
462 1518 583 1582 παρεῖται,
597 1511 648 1564 [στ’
661 1511 690 1563 όν
742 1509 869 1571 ἐξασθενεῖ
889 1514 933 1565 καὶ
960 1519 1080 1584 παρεῖται,
1108 1511 1156 1564 ἐστ’

273 1599 424 1672 παραδράμῃ
437 1597 450 1651 ὁ
461 1598 603 1670 ἅνθρωπος.
622 1598 691 1658 ὅπως
742 1598 928 1671 δνπαραδροίμη
937 1599 1079 1664 ἄνθρωπος.
1090 1599 1159 1658 ὅπως

272 1685 300 1738 δέ
312 1685 440 1760 ἐλέγχουσι
457 1688 489 1739 τὰ
501 1688 598 1740 ἐαυτῶν
611 1687 690 1759 βρέφη
742 1685 769 1739 δέ
782 1686 909 1756 ἐλέγχουσι
924 1688 956 1740 τὰ
968 1688 1064 1741 ἐαυτῶν
1078 1688 1157 1760 βρέφη

274 1771 322 1825 εἴτε
341 1774 392 1826 ἐστὶ
404 1774 492 1843 γνήσια
504 1774 552 1826 εἴτε
570 1776 613 1827 καὶ
628 1774 692 1827 νόθα
743 1773 791 1826 εἶτε
809 1775 860 1826 ἐστὶ
873 1775 961 1844 γνήσια
979 1775 1028 1828 εἶτε
1041 1776 1084 1827 καί
1096 1773 1157 1826 νόθα

273 1860 300 1912 ἐν
318 1868 370 1919 τοῖς
388 1861 497 1933 ἐρπετοῖς
520 1861 692 1929 βασανίζοντες
742 1861 768 1912 ἐν
786 1868 838 1919 τοῖς
855 1862 966 1934 ἑρπετοῖς
988 1861 1158 1931 βασανίζοντες

274 1947 311 2006 ὄις
328 1949 354 2001 ἐν
372 1952 411 2019 τῷ
421 1950 480 2021 πυρὶ
497 1949 540 2002 τὸν
559 1949 649 2020 χρυσὸν
668 1951 690 2001 οί
742 1947 778 2006 ως
796 1949 821 2000 ἐν
839 1953 877 2019 tq}
890 1950 947 2021 πυρὶ
964 1949 1008 2002 τὸν
1026 1949 1118 2023 χρυσὸν
1134 1950 1157 2001 οί

274 2036 393 2106 βάναυσοι
402 2037 558 2108 χρυσουργοί,
568 2037 689 2109 ἀνωτέρω
742 2036 860 2104 βάναυσοι
868 2037 1024 2110 χρυσουργοί,
1035 2038 1156 2106 ἀνωτέρω

274 2123 350 2177 εἷπον.
741 2124 818 2176 εἶπον.

282 2298 670 2368 κωωωμωωω
772 2299 1125 2369 Μωμωωωη)

309 2400 340 2459 Οἱ
351 2404 396 2472 μέν
406 2402 477 2457 ὄλλοι
489 2403 562 2462 κίονες
573 2406 616 2457 καὶ
626 2404 689 2456 ἐλιῖν
776 2402 806 2459 Οἱ
817 2406 862 2474 μὶν
872 2405 942 2458 ἄλλοι
955 2405 1029 2464 κίονες
1040 2407 1083 2459 καὶ
1093 2406 1154 2458 ἑλεῖν

273 2493 316 2544 καλ
338 2492 480 2565 ἀνιχνεῦσαι
502 2494 534 2544 τὰ
556 2489 632 2563 θηρία
651 2507 689 2544 σο·
741 2493 785 2545 καὶ
807 2493 948 2563 ἀνιχνεῦσαι
970 2495 1002 2546 τὰ
1022 2492 1097 2566 θηρία
1115 2510 1155 2546 σο-

273 2579 324 2650 φοί,
352 2580 375 2631 οἱ
399 2580 425 2632 δέ
448 2576 577 2648 Αίγόπτιοι
605 2586 689 2649 φυγεῖν
740 2580 791 2650 φοί,
820 2581 842 2633 οί
866 2580 893 2633 δέ
917 2578 1046 2650 Αίγίοπτιοι
1070 2589 1154 2651 φυγεῖν

273 2665 423 2719 δεινότατοι·
453 2667 485 2718 τό
512 2670 571 2735 γοῦν
599 2666 625 2717 ἐν
651 2669 688 2734 τηῖ
740 2666 882 2720 δεινότατοι.
918 2669 949 2720 τὰ
976 2674 1036 2738 γοῦν
1064 2669 1090 2721 ἐν
1117 2672 1153 2738 τῷ

273 2749 358 2824 Νείλῳ
377 2753 487 2811 δεδιότας
505 2752 558 2822 ὄγει
581 2754 626 2820 μέν
646 2751 689 2804 αό-
741 2751 825 2826 Νιέλιρ
850 2754 959 2812 δεδιότας
977 2756 1029 2824 ἄγει
1048 2756 1093 2823 μέν
1112 2754 1155 2807 αὑ-

271 2840 330 2900 τοὺς
347 2840 376 2894 τό
389 2840 460 2911 δίψος
472 2847 542 2905 πιεῖν,
561 2840 644 2910 ἡσυχῆ
661 2840 687 2892 δέ
738 2843 797 2901 τοὺς
814 2842 844 2896 τὸ
860 2842 931 2913 δίψος
943 2850 1013 2908 πιεῖν,
1032 2843 1115 2914 ἡσυχῆ
1128 2841 1154 2894 δέ

272 2928 316 2979 καὶ
338 2928 373 2985 είς
395 2927 471 2998 κόρυν
497 2933 561 2980 πιεῖν
583 2926 611 2979 τό
633 2926 687 2985 δέος
739 2932 783 2984 καὶ
805 2931 839 2989 είς
862 2930 938 3002 κόρον
961 2936 1024 2983 πιεῖν
1047 2929 1077 2983 τὸ
1100 2929 1155 2986 δέος

272 3014 302 3067 οὐ
321 3021 451 3087 συγχωρεῖ,
489 3015 532 3067 καὶ
551 3014 591 3067 διὰ
608 3020 688 3067 ταῦτα
740 3019 769 3072 οό
787 3026 919 3091 συγχωρεῖ.
953 3018 996 3070 καὶ
1018 3017 1058 3070 διὰ
1080 3022 1154 3069 τοῦτο

272 3101 302 3155 οὒ
320 3102 430 3155 πίνουσιν
454 3101 629 3170 ἐπῑκῦψαντες,
652 3101 689 3160 ὡς
740 3106 769 3159 ου
793 3106 903 3159 πίνουσιν
930 3105 1096 3175 ἐπικόψαντες
1120 3105 1156 3161 ώς

272 3187 303 3241 όν
322 3189 358 3258 μέγ
376 3208 400 3241 τι
417 3194 470 3242 τῶν
483 3189 600 3242 κάτωθεν
618 3191 687 3258 όνερ·
740 3193 770 3246 ἂν
789 3195 825 3264 μη
844 3212 868 3246 τι
883 3200 935 3247 τῶν
952 3190 1068 3245 κάτωθεν
1087 3194 1154 3262 ἀνερ·

271 3275 351 3329 πῦσαν
370 3276 422 3329 ῑῖτα
445 3274 571 3347 ἐξαρπᾶσῃ
590 3275 688 3334 αὐτοὺς·
740 3281 820 3334 πίσσαν
839 3281 892 3334 εἶτα
913 3279 1038 3353 ἐξαρπάση
1057 3278 1155 3337 αὐτοὺς.

271 3363 364 3416 οίικοῖυν
382 3363 429 3434 την
447 3364 492 3432 μὲν
510 3362 591 3434 ὄχθην
610 3382 687 3433 παρα·
740 3367 833 3421 οόκοῦν
852 3368 898 3439 τὴν
917 3369 962 3436 μέν
978 3365 1059 3438 ὄχθην
1077 3384 1156 3439 παρα-

271 3448 364 3516 θέουσι,
371 3448 491 3503 λάπτουσι
500 3449 526 3503 δέ
535 3454 568 3520 τη”
578 3449 687 3522 γλώττη,
739 3454 830 3522 θέουσι,
842 3455 962 3508 λάπτουσι
970 3455 997 3508 δέ
1005 3455 1155 3529 τῇγλώσση,

271 3538 420 3609 ἁρπάζοντες
447 3536 483 3596 ὡς
509 3537 538 3590 ἂν
566 3537 629 3590 εῐπῡῑ
651 3557 687 3597 τις
739 3545 889 3615 ἁρπάζοντες
915 3543 951 3601 ὡς
976 3542 1006 3596 ἂν
1033 3542 1096 3595 εἴποι
1118 3562 1155 3601 τις

271 3624 288 3695 ἡ
307 3626 350 3677 καὶ
370 3624 401 3695 νὴ
418 3622 466 3678 Δία
488 3623 636 3684 κλέπτοντες
657 3626 687 3678 τὸ
738 3629 755 3700 ἢ
774 3632 816 3683 καὶ
835 3632 866 3700 νὴ
884 3627 930 3683 Δία
953 3630 1103 3689 κλέπτοντες
1124 3631 1153 3683 τὸ

271 3713 349 3782 πόμα.
739 3717 816 3785 πόμα.

280 3904 676 3975 mmwwww
778 3911 1115 3979 ummmwm

305 4006 379 4078 Λέγει
390 4007 547 4083 Δημόκριτος
560 4004 686 4080 πολυγονα
772 4014 1007 4088 ΛέγιιΔημόκριτος
1016 4015 1153 4086 πολύγονον

271 4094 331 4148 εἶναι
353 4094 382 4149 ὗν
406 4099 449 4150 καὶ
472 4098 547 4164 κίινα,
573 4100 616 4152 καὶ
638 4099 685 4170 τὴν
736 4103 797 4157 εἶναι
820 4101 860 4167 (δν
882 4104 926 4155 καί
950 4102 1014 4156 κίινα
1036 4105 1079 4156 καὶ
1095 4105 1152 4174 τὴν)

271 4183 352 4237 αίτέαν
371 4182 517 4256 προστίθησι
535 4185 623 4256 λέγων,
647 4184 686 4239 ότι
736 4191 816 4243 αἰτίαν
841 4186 988 4262 προστίθησι
1009 4189 1090 4259 λέγων
1114 4190 1152 4244 ότι

270 4270 365 4330 πολλὰς
384 4272 436 4343 ἐχει
457 4274 502 4332 τὰς
524 4274 620 4346 μήτρας
642 4276 686 4327 καὶ
736 4277 830 4335 πολλάς
838 4276 900 4347 (ἔχει
909 4277 954 4336 τὰς
964 4278 1060 4350 μήτρας
1069 4279 1112 4331 καὶ
1126 4284 1152 4343 τ)

269 4360 328 4418 τοδε
354 4360 446 4419 τόπους
472 4361 531 4419 τοὺς
556 4360 686 4420 δεκτικοὺς
736 4366 779 4424 ους
808 4365 899 4424 τόπους
933 4365 992 4422 τοὺς
1023 4364 1152 4423 δεκτικοὺς

270 4452 315 4500 τοῦ
328 4448 475 4520 σπέρματος.
511 4448 625 4501 ὄτοίνυν
642 4448 685 4501 θο-
735 4457 780 4505 τοῡ
793 4453 939 4525 σπέρματος.
971 4452 1151 4515 ὁτοίίνυνθο-

271 4534 313 4607 ρός
325 4534 372 4588 οὐκ
384 4536 414 4588 ἐκ
427 4542 485 4603 μιᾶς
498 4534 579 4609 ὁρμῆς
590 4536 686 4595 ἁπάσας
737 4540 778 4612 ρδς
788 4539 834 4592 οόκ
846 4540 876 4592 ἐκ
886 4544 944 4608 μιᾶς
955 4539 1045 4611 ὄρ)μῆς
1057 4540 1154 4599 ἁπάσας

270 4621 347 4681 αίιτός
368 4621 496 4694 ἐκπληροῖ,
520 4622 585 4676 ἀλλὰ
606 4624 642 4682 δίς
658 4642 686 4676 τι
737 4626 814 4685 αδτὰς
826 4626 956 4699 ἐκπληροῖ,
974 4627 1039 4680 ἀλλὰ
1057 4629 1100 4681 καί
1118 4627 1155 4686 όλς

270 4711 313 4762 καλ
336 4710 388 4780 τρὶς
409 4715 489 4764 ταῦτα
510 4712 542 4764 τὰ
560 4712 613 4778 ζῷα
635 4712 686 4765 ἐπι·
737 4717 792 4779 <καλ
810 4715 862 4785 τρὶς
879 4718 970 4779 ταῦτα)
987 4715 1019 4767 τά
1037 4715 1090 4785 ζῷα
1103 4715 1154 4768 ἐπι-

269 4795 396 4869 θόρνυται,
413 4797 453 4850 ἵνα
470 4799 486 4869 η
500 4800 611 4872 συνέχεια
625 4799 686 4869 πλη·
736 4804 864 4871 θόρνυται,
881 4800 921 4852 ίνα
933 4801 949 4872 η
963 4801 1077 4871 συνέχεια
1090 4801 1153 4872 πλη-

271 4884 340 4959 ριίιση
359 4887 389 4938 τὰ
401 4891 446 4938 τοῦ
464 4885 537 4955 γόνου
556 4885 667 4938 δεκτικά.
738 4890 817 4960 (ριίνση
836 4891 867 4942 τό
882 4894 926 4941 του
939 4889 1025 4957 γόνου)
1042 4888 1153 4941 δεκτικά.

1207 459 1237 513 οδ
1256 461 1352 530 πάσχει,
1376 461 1407 513 τὰ
1426 460 1452 513 δέ
1473 460 1535 513 νόθα
1554 459 1624 530 ξένης

1207 545 1267 599 ὄντα
1274 547 1553 617 γενέσιωςάποθνησκει
1561 568 1622 620 φαρ-

1208 633 1359 701 μασσόμενα.

1236 2297 1591 2368 ummmmm

1241 2400 1271 2455 [λί
1289 2402 1315 2455 δέ
1333 2399 1464 2472 Αέγίυπτιοι
1484 2402 1556 2462 κυνες
1574 2403 1621 2457 δει-

1206 2488 1315 2542 λότατοι.
1342 2492 1373 2542 τὰ
1383 2494 1441 2559 γοῦν
1452 2489 1478 2541 ἐν
1488 2497 1524 2560 τηῖ
1536 2486 1620 2561 Νείλῳ

1206 2576 1281 2650 θηρία
1308 2577 1414 2634 δεδιότες
1440 2576 1470 2629 οό
1497 2576 1622 2647 κόψαντες

1206 2663 1323 2728 πίνουσιν,
1343 2662 1406 2716 ἀλλὰ
1420 2662 1556 2722 λάπτοντες
1567 2667 1621 2736 τρέ-

1195 2767 1289 2819 Ἱχουσι,
1325 2749 1453 2823 λαθραίως
1487 2754 1516 2804 τό
1552 2753 1621 2822 πόμα

1205 2838 1381 2908 λαμβάνοντες.

1247 3905 1270 3957 11
1288 3904 1336 3957 184
1354 3904 1392 3971 (p.
1408 3902 1573 3969 v9,⁶21-2·2)

1236 4004 1304 4060 Ἐστι
1321 4006 1348 4060 δέ
1371 4006 1509 4077 πολίεγονον
1534 4006 1618 4081 ὥσπερ

1202 4094 1231 4154 ίις
1249 4095 1289 4148 διὰ
1312 4095 1341 4148 τό
1365 4095 1430 4165 ἐχειν
1453 4095 1501 4165 τὴν
1521 4097 1618 4167 μήτραν

1202 4184 1294 4243 τόπους
1311 4181 1440 4242 δεκτικοὺς
1461 4182 1578 4240 πολλοὺς·
1604 4182 1617 4235 ὁ

1202 4271 1284 4324 τοίνυν
1310 4270 1384 4343 θορός
1411 4272 1506 4328 πάντας
1528 4270 1618 4328 αὐτους

1202 4358 1330 4430 ἐκπληροῖ.
