3510 5610
583 301 823 356 ιιυιινιιιιιεω
843 302 876 354 ιιι
896 288 1173 357 τιιιιονιιιικειυιι
1271 257 1276 267 ’
1512 305 1551 368 37

256 474 318 539 κατ’
347 472 489 558 ἐνέργειαν
510 480 644 559 γνωστῷ·
679 476 756 539 ὥστε
777 477 825 539 καί
846 478 865 559 η
888 475 951 539 κατ’
978 476 1118 559 ἐνέργειαν
1144 477 1290 561 ἐπιστήμη
1318 479 1337 560 ἡ
1361 476 1434 560 αὑτὴ
1458 481 1500 560 τῷ

256 576 319 642 κατ’
348 577 491 662 ἐνέργειαν
514 577 676 664 ἐπιστητῷ·
710 577 774 641 ἀλλ’
802 581 822 662 ἡ
848 578 971 664 διαφορὰ
995 577 1038 641 ὅτι
1061 579 1101 662 μὴ
1124 577 1232 649 ἔξωθεν
1259 581 1325 663 ἥκει
1347 580 1422 664 μηδὲ
1444 577 1500 649 ἔξω

254 685 346 744 κεῖται
367 681 400 744 τδ
422 679 647 764 προηγουμένως
668 681 795 763 γνωστόν
818 684 858 750 ῶς
873 681 920 743 ἐπί
943 686 995 765 τῆς
1017 681 1192 766 αἰσθήσεως.
1226 683 1252 745 εἰ
1274 681 1299 745 δ’
1326 680 1376 745 οῦν
1399 683 1418 765 ἡ·
1441 680 1499 743 ἐπι·

255 785 352 867 στήμη
375 784 423 846 καί
449 783 481 845 τὸ
503 782 655 867 ἐπιστητὸν
681 782 799 859 ταῦτόν,
830 781 968 866 μειζόνως
990 784 1026 867 δὴ
1049 785 1081 847 τό
1108 789 1191 847 νοοῦν
1217 786 1265 848 καί
1291 785 1324 848 τδ
1346 782 1500 867 νοούμενον

227 886 372 969 σῆνωται.
473 885 524 948 Διδ
547 887 595 949 καί
616 884 735 954 εἰκότως
757 886 786 948 ἐν
803 885 885 971 μέσιρ
902 889 941 955 ῶς
958 888 1108 971 ζητήσεως
1129 889 1177 963 καί
1193 889 1322 972 σκέψεως
1344 886 1420 956 ἄξιον
1436 886 1499 949 ἐπε·
1518 901 1553 958 20

255 989 420 1071 σημήνάτο,
451 988 483 1050 τί
503 988 632 1072 δήποτε
655 989 700 1072 μὴ
724 989 776 1051 ἀεὶ
799 992 958 1072 νοοῦμεν,
989 988 1079 1072 εἴγε
1102 989 1135 1052 ἐν
1157 991 1239 1073 ἡμῖν
1262 991 1319 1053 καί
1342 990 1378 1052 τδ
1401 994 1499 1052 νοοῦν

256 1091 313 1153 καί
341 1091 377 1153 τό
404 1090 609 1172 νοούμενον;
642 1090 749 1173 ταύτὰ
770 1091 832 1175 γάρ
855 1089 970 1176 ἄμφω·
1005 1092 1070 1175 περὶ
1092 1090 1125 1154 ού
1149 1093 1185 1176 δὴ
1209 1093 1356 1177 φθάνομεν
1384 1093 1433 1155 τδν
1456 1094 1500 1156 δυ·

254 1194 337 1255 νατὺν
361 1194 429 1277 ἡμῖν
453 1193 557 1278 τρόπον
580 1193 811 1278 ἐπισκεψάμενοι.
857 1194 886 1256 ἐν
910 1194 962 1278 μὲν
984 1191 1033 1256 οῦν
1061 1197 1120 1262 τοῖς
1141 1199 1295 1278 χωριστοῖς
1316 1193 1433 1271 ταύτόν,
1461 1198 1500 1265 ῶς

254 1293 374 1378 εἴρηται,
398 1297 430 1359 τό
453 1299 535 1359 νοοῦν
558 1298 605 1359 καὶ
628 1296 660 1359 τό
676 1296 845 1381 νοούμενον·
870 1297 899 1359 ἐν
922 1297 953 1359 δέ
973 1301 1031 1364 τοῖς
1054 1295 1126 1377 μετὰ
1148 1296 1218 1380 ύλης
1239 1298 1357 1381 δυνάμει
1379 1285 1518 1360 ἕκαστον

119 1458 122 1465 ,
217 1413 242 1457 ιο
256 1404 313 1461 τῶν
328 1403 439 1483 νοητῶν
452 1399 522 1462 ἐστι.
554 1399 590 1461 τὰ
604 1399 658 1483 γὰρ
673 1396 761 1461 ένυλα
776 1397 810 1460 ού
825 1397 894 1461 καθ’
914 1399 986 1461 αὑτὰ
1009 1400 1099 1483 νοητά
1112 1399 1199 1471 ἐστιν,
1221 1399 1289 1462 οῦδὲ
1307 1398 1369 1463 κατ’
1390 1399 1500 1475 οὐσίαν,

255 1502 324 1565 οὐδὲ
346 1502 508 1586 συστοίχως
529 1506 571 1585 τῷ
594 1505 647 1586 νῷ.
691 1506 754 1570 πῶς
776 1499 826 1563 οῦν
849 1502 995 1584 δυνάμει
1017 1500 1143 1584 λέγεται;
1177 1501 1204 1564 εἰ
1225 1501 1278 1585 γὰρ
1300 1504 1428 1586 δυνάμει,
1450 1503 1499 1566 καί

208 1650 212 1659 -
253 1605 379 1689 ἐνεργείᾳ
401 1604 471 1667 ποτὲ
493 1601 573 1666 ἔσται
595 1604 694 1688 νοητά,
739 1601 861 1686 ἢέσται
888 1604 939 1685 μὲν
962 1602 1025 1666 ἀλλ’
1054 1602 1087 1666 ού
1111 1604 1285 1689 συστοίχως,
1314 1605 1387 1669 κατὰ
1409 1607 1441 1669 δέ
1463 1606 1500 1668 τὰ

254 1708 366 1770 ἑαυτῶν
389 1708 418 1770 ἐν
441 1711 483 1792 τῷ
506 1710 548 1790 νῷ
572 1705 662 1770 αἴτια·
686 1707 734 1769 καὶ
757 1706 857 1789 ἐπειδὴ
880 1711 932 1790 τῆς
951 1705 1041 1792 αὐτῆς
1064 1710 1124 1772 ἐστι
1145 1714 1205 1777 τοῖς
1226 1708 1325 1777 αἰτίοις
1347 1707 1498 1792 ἰδιότητος,

253 1811 300 1873 καί
321 1809 396 1873 αύτὰ
417 1808 529 1892 λέγεται
550 1810 653 1892 νοητά,
679 1811 800 1892 δυνάμει
821 1809 867 1885 δέ,
893 1808 937 1872 ότι
959 1810 1130 1897 ἐξῃρημένη)
1152 1815 1196 1897 τῷ
1219 1814 1343 1886 νοοῦντι,
1371 1811 1445 1875 κατὰ
1467 1811 1500 1874 δὲ

214 1928 240 1973 ιυ
252 1913 304 1996 τὴν
334 1910 513 1996 ἐξηρημένην
546 1911 635 1974 αἰτίαν
662 1909 726 1975 ἀλλ’
755 1912 812 1996 ούχ
844 1913 969 1982 ἑαυτοῖς·
1004 1913 1044 2001 ού,
1064 1913 1119 1997 γάρ
1145 1912 1234 1976 ἑαυτὰ
1260 1918 1329 1977 νοεῖ.
1373 1914 1417 1977 διδ
1451 1914 1498 1978 καί

253 2017 367 2098 ἐπάγει,
397 2015 487 2078 ῶστε
509 2014 657 2083 ἐκείνοις
680 2015 739 2098 μὲν
761 2014 828 2099 οὐχ
849 2015 1004 2100 ὑπάρχει
1026 2016 1042 2079 ύ
1063 2020 1155 2092 νοῦς,
1185 2020 1244 2083 τοῖς
1265 2015 1374 2086 ἐνύλοις
1396 2016 1498 2099 λέγων,

253 2117 323 2182 διότι
350 2119 390 2202 μὴ
414 2118 526 2186 ἑαυτοῖς
552 2116 612 2179 ἐστι
634 2117 737 2200 νοητά,
766 2118 866 2200 ἐπειδὴ
890 2122 979 2181 ταῦτα
1007 2119 1058 2201 μὲν
1082 2115 1183 2195 ἔνυλα,
1212 2116 1301 2186 ἄυλος
1327 2118 1360 2181 δὲ
1381 2120 1397 2181 ύ
1420 2123 1498 2187 νοῦς·

253 2221 335 2285 ἄνευ
365 2220 428 2304 γὰρ
451 2219 548 2301 ύλης,
571 2220 664 2302 φησί,
694 2219 838 2302 δύναμις
866 2215 985 2289 ύνοῦς
1013 2220 1281 2284 τῶντοιούτων.
1326 2221 1367 2283 ῶν
1390 2221 1423 2283 τδ
1447 2221 1498 2304 μὲν

252 2323 320 2387 ἄνευ
345 2325 415 2407 ύλης
436 2324 469 2386 τδ
491 2322 578 2385 άυλον
601 2324 687 2405 δηλοῖ
706 2326 756 2384 τοῦ
779 2328 849 2386 νοῦ·
885 2322 1002 2405 δύναμις
1025 2325 1057 2386 δὲ
1080 2325 1096 2387 ό
1118 2328 1184 2392 νοῦς
1205 2328 1262 2386 τῶν
1286 2323 1393 2386 ἐνάλων
1415 2323 1435 2406 ἢ
1459 2327 1499 2392 ῶς

212 2427 327 2490 νοαίτία
348 2434 406 2490 τῶν
429 2427 578 2509 ἐνεργειῶν
605 2424 697 2506 (οὕτω
719 2425 771 2509 γὰρ
795 2426 811 2487 ὑ
835 2425 1035 2511 Πλούταρχος)
1062 2426 1080 2508 ἢ
1104 2429 1145 2493 ῶς
1173 2427 1213 2510 μὴ
1238 2425 1399 2510 συστοίχως
1424 2426 1499 2489 ἀλλὰ

253 2528 420 2615 κρειττόνως
441 2529 516 2593 αὐτὰ
539 2528 670 2612 θεωρῶν,
693 2525 764 2590 διότι
786 2529 844 2591 άπὸ
867 2528 971 2596 αἰτίας·
1000 2528 1019 2612 ἢ
1043 2529 1059 2591 ό
1082 2529 1202 2610 δυνάμει
1224 2532 1289 2597 νοῦς
1311 2527 1429 2610 δύναμις
1450 2530 1498 2593 καί

252 2638 309 2695 τῶν
332 2633 479 2706 τοιούτων,
503 2635 543 2699 ῶς
564 2632 612 2693 καὶ
636 2634 724 2693 ταῦτα
745 2630 818 2693 κατὰ
840 2632 892 2713 τὴν
913 2632 971 2694 ἀπὸ
993 2634 1044 2693 τοῦ
1066 2631 1226 2714 κρείττονος
1247 2631 1390 2694 τελείωσιν
1413 2637 1497 2695 νοῶν.

251 2740 310 2804 τοῖς
333 2736 384 2820 μὲν
419 2733 468 2798 οῦν
496 2734 607 2802 ἐνύλοις
639 2733 706 2817 οὐχ
733 2732 882 2818 ὑπάρχει
914 2734 930 2795 ὑ
956 2737 1049 2809 νοῦς,
1082 2733 1204 2818 ἐκείνῳ
1238 2734 1276 2796 δὲ
1308 2734 1344 2796 τό
1372 2735 1498 2818 νοητὸν

250 2838 404 2924 ὑπάρξει.
438 2842 523 2902 τοῦτο
546 2837 578 2900 δὲ
601 2837 747 2921 διαρὺρῶν
770 2837 785 2898 ύ
809 2835 992 2920 Θεόφραστος
1014 2836 1128 2920 ἐπάγει·
1152 2835 1225 2900 ἀλλ’
1252 2836 1333 2900 ὅταν
1355 2837 1498 2921 γένηται

210 2944 307 3007 οσκαί
333 2943 448 3028 νοηδῷ
475 2940 640 3026 δηλονότι
665 2942 773 3001 ταῦτα
795 2938 878 3013 ἕξει,
906 2938 948 3002 τὰ
974 2939 1010 3001 δὲ
1036 2938 1144 3022 νοητὰ
1166 2939 1234 3014 άεί,
1262 2939 1363 3023 εἰπερ
1385 2941 1405 3019 ἡ
1428 2940 1498 3002 ἐπι·

251 3047 368 3130 στίγμη
390 3045 628 3129 ἡδεωρητικὴ
650 3045 755 3108 ταύτδ
777 3047 851 3112 τοῖς
869 3044 1082 3126 πράγμασιν,
1105 3041 1191 3124 αῦτη
1212 3042 1249 3104 δὲ
1271 3038 1377 3125 ἡκατ’
1406 3042 1497 3126 ἐνέρ·

250 3171 345 3231 γειαν
368 3145 547 3230 δηλονότι·
570 3149 768 3232 κυριωτάτη
790 3148 866 3230 γάρ.
903 3148 951 3229 τῷ
967 3149 1024 3229 νῷ,
1047 3143 1128 3228 φησί,
1150 3144 1267 3228 τὰμὲν
1289 3147 1413 3230 νοητά,
1435 3169 1498 3208 του·

253 3251 329 3314 τέστι
359 3249 394 3312 τὰ
421 3248 511 3325 άυλα,
546 3249 601 3312 άεί
629 3250 791 3335 ὑπάρχει,
826 3248 926 3331 ἐπειδὴ
957 3243 1021 3309 κατ’
1049 3245 1148 3309 οῦσίαν
1175 3246 1272 3316 αὐτοῖς
1303 3247 1415 3311 σύνεστι
1449 3248 1498 3311 καί

251 3352 326 3418 ἔστιν
350 3353 419 3436 ύπερ
445 3352 482 3414 τὰ
497 3354 607 3435 νοητά·
642 3352 681 3416 τὰ
708 3354 745 3416 δὲ
773 3350 892 3426 ἔνυλα,
922 3348 1003 3412 ὅταν
1026 3349 1164 3433 νοηθῇ,
1186 3350 1243 3412 καί
1265 3348 1353 3412 αὐτὰ
1379 3355 1425 3435 τῷ
1449 3354 1497 3435 νῷ

213 3456 408 3541 υοὺπάρξει,
431 3455 488 3541 οὑχ
511 3458 551 3525 ῶς
573 3456 737 3541 συστοίχως
760 3455 842 3540 αύτῷ
864 3452 1084 3537 νοηὺησόμενα·
1116 3450 1256 3514 οὐδέποτε
1277 3450 1331 3535 γὰρ
1354 3452 1390 3516 τὰ
1412 3450 1498 3517 ἕνυλα

249 3564 292 3645 τῷ
313 3562 357 3644 νῷ
380 3557 463 3641 άύλιρ
486 3555 646 3621 ὄντι·.οἰλλ’
675 3557 742 3621 ὅταν
765 3559 864 3626 ύνοῦς
884 3557 920 3620 τὰ
942 3557 972 3619 ἐν
987 3555 1069 3641 αὑτῷ
1094 3555 1134 3637 μὴ
1157 3556 1197 3623 ῶς
1219 3552 1293 3616 αὐτὰ
1315 3551 1400 3636 μόνον
1423 3556 1498 3619 ἀλλὰ

251 3664 298 3726 καί
321 3665 361 3730 ῶς
376 3660 453 3723 αίτια
475 3664 533 3722 τῶν
548 3660 656 3723 ἐνύλων
678 3664 817 3744 γινώσκη,
839 3659 904 3737 τότε
927 3662 975 3723 καί
997 3661 1041 3743 τῷ
1061 3662 1103 3742 νῷ
1128 3654 1245 3739 ὑπάρξει
1266 3654 1302 3717 τά
1324 3652 1410 3719 ἔνυλα
1424 3657 1498 3720 κατὰ

251 3767 305 3849 τὴν
327 3764 427 3827 αἰτίαν.
472 3767 562 3825 ταῦτα
584 3763 621 3847 δὴ
644 3765 709 3848 περὶ
731 3764 789 3848 μὲν
810 3766 860 3826 τοῦ
888 3762 1015 3846 ἐνεργείορ
1042 3759 1095 3823 οῦκ
1123 3757 1156 3821 ἄν
1179 3757 1266 3842 φαίην
1290 3758 1425 3843 εἰρῆσθαι
1447 3765 1497 3823 νοῦ

248 3868 299 3951 (οῦ
321 3867 375 3951 γὰρ
399 3866 516 3949 δύναμις
537 3864 661 3951 ἐκεῖνος)
682 3866 751 3930 οῦδὲ
772 3867 805 3929 τδ
828 3865 910 3928 ὅταν
933 3863 1082 3948 γένηται.

196 4094 211 4143 6
230 4092 255 4143 τί
273 4089 378 4161 δήποτε]
398 4089 431 4141 ef.
449 4090 558 4141 Aristot.
576 4087 667 4142 430·5
769 4087 784 4138 9
804 4089 911 4140 Aristot.
930 4086 1021 4139 430·6
1125 4084 1155 4136 16
1175 4080 1207 4136 c'f.
1226 4085 1334 4138 Aristot.
1353 4084 1497 4138 43017-9

194 4301 210 4352 4
230 4298 260 4368 δὴ
279 4297 386 4364 scripsi:
405 4294 432 4348 δί
450 4296 520 4364 vulg.
627 4296 643 4349 5
662 4293 729 4356 ἄξιον
748 4291 934 4364 εειῑρείεάξίῳ
954 4293 1024 4362 vulg.
1131 4292 1147 4345 6
1165 4290 1336 4361 ἐπισημηνατο
1356 4290 1410 4354 L¹Q

195 4388 311 4439 Ἰταῦτα
329 4385 371 4436 Mb
471 4381 499 4434 οὑ
519 4380 549 4451 δὴ
569 4383 675 4450 scripsi:
694 4380 723 4435 ού
742 4381 769 4434 δί
787 4381 875 4434 codd.:
894 4379 966 4433 τοῦδε
984 4382 1024 4434 διν
1121 4370 1334 4449 ίοιι.’φδάνωμιν
1433 4380 1497 4433 9τὸ

195 4475 280 4539 νοοῦν]
296 4471 342 4525 τὸν
361 4475 420 4523 νοῦν
440 4470 478 4522 L¹·
604 4468 668 4538 τοῖς]
686 4474 732 4540 τῆς
750 4470 782 4522 L¹
914 4467 945 4520 13
972 4467 1080 4537 ἑαυτῶν]
1100 4467 1112 4519 ὑ
1130 4473 1182 4520 τῶν
1201 4465 1262 4532 (sic)
1281 4467 1318 4518 H:
1336 4466 1400 4518 ἐτῶν
1419 4467 1495 4519 MPb:

195 4576 246 4613 om.
264 4575 287 4612 w
376 4559 432 4626 ’νῷ
452 4558 537 4609 om.b
648 4558 679 4609 17
698 4557 776 4628 νοητὰ
795 4557 850 4608 Lw:
868 4556 900 4608 τὰ
919 4556 996 4624 νοητὰ
1015 4557 1031 4608 b
1050 4559 1121 4608 cet..
1207 4554 1238 4606 19
1257 4553 1348 4605 ἅνυλον
1367 4555 1406 4606 bw

195 4647 228 4698 28
255 4646 288 4698 τὰ
306 4661 355 4698 om.
375 4644 406 4695 L¹
427 4645 550 4711 (correxit
568 4645 653 4697 scriba
672 4645 740 4696 inter
759 4643 935 4710 scribendum)
1060 4641 1093 4694 34
1121 4641 1180 4694 add.
1200 4642 1227 4693 in
1247 4640 1298 4719 ίὶιιυ
1317 4640 1497 4708 compendium

200 4734 272 4786 vocis
289 4731 358 4802 ζήτει
376 4731 450 4784 codd.

673 4888 1068 4900 ·-—.——.——...-.—.—
