3510 5610
539 347 543 357 ·
653 310 863 367 SOLUTIONES
881 313 928 367 AD
947 311 1128 367 oflosaomi

798 620 891 687 CAP.
916 620 979 686 III.

777 756 898 822 Ίθῖαίιιο
919 759 1004 823 deest.

347 951 386 1014 Iit
407 949 465 1013 hoc
486 954 605 1011 autem:
633 946 708 1031 quid
730 953 777 1011 est
799 947 877 1011 nisio
900 955 931 1012 et
953 948 1035 1013 undo
1058 948 1110 1012 ot?
1142 956 1186 1030 et,
1209 950 1235 1013 si
1256 949 1369 1014 notitia
1391 948 1514 1012 animae

262 1061 323 1133 est,
350 1074 392 1117 an
418 1051 462 1116 dii
484 1072 525 1115 an
547 1048 711 1113 daemones
734 1050 901 1114 ostendunt
923 1049 970 1115 ei?
1002 1051 1029 1114 si
1056 1052 1139 1115 anim
1167 1052 1278 1115 notitia
1304 1051 1428 1115 animae
1458 1055 1513 1129 est,

236 1169 360 1238 aquare
383 1155 577 1236 intempore
606 1152 693 1216 uelut
718 1153 911 1235 ignorantiae
938 1160 970 1217 et
995 1153 1242 1218 insensibilitatis
1269 1154 1343 1217 dum
1369 1154 1411 1216 sit
1436 1154 1513 1238 ipsa,

264 1259 345 1322 circa
367 1280 403 1322 ea
427 1280 505 1343 quae
527 1258 632 1321 lutura
654 1261 727 1319 sunt
748 1256 855 1319 fortior
877 1263 909 1320 et
930 1256 1086 1340 potentior
1108 1262 1153 1319 est
1174 1292 1216 1302 —
1239 1257 1320 1320 unde
1339 1263 1371 1321 et
1385 1256 1514 1340 prophe-

266 1361 325 1425 tias
340 1360 491 1445 quasdam
513 1360 621 1423 dicunt
636 1359 761 1443 quidam
784 1395 825 1403 -
847 1359 881 1422 in
895 1358 1051 1441 uigilando
1074 1380 1148 1423 uero
1169 1359 1236 1443 ipsa
1258 1360 1381 1423 animae
1403 1358 1515 1422 notitia

263 1463 344 1527 circa
365 1463 471 1527 lutura
493 1462 624 1527 eandem
647 1461 826 1525 firmitatem
841 1476 904 1525 non
919 1461 1013 1525 hahet
1028 1483 1129 1545 neque
1144 1460 1326 1546 prophetat?
1349 1470 1380 1526 ct
1395 1462 1420 1524 si
1436 1460 1515 1524 uisio

264 1566 302 1631 ab
325 1565 447 1630 animae
470 1564 582 1628 notitia
605 1570 665 1642 est,
694 1584 788 1646 quare
815 1584 870 1648 per
895 1565 1050 1628 somnium
1078 1565 1191 1629 notitia
1213 1565 1313 1628 uelut-i
1336 1564 1460 1641 auditus
1482 1571 1514 1628 et
1528 1578 1555 1620 1⁰

225 1685 252 1729 ιο
264 1670 350 1732 uisus
374 1676 404 1733 et
429 1667 573 1752 gustandi
600 1687 707 1730 seusus
735 1671 795 1747 est,
828 1666 983 1750 siquidem
1009 1668 1188 1732 somniatim
1215 1667 1328 1731 accidit
1354 1667 1513 1731 comedere

264 1771 416 1857 quaedam
440 1776 471 1833 et
492 1769 591 1834 uoluti
613 1768 727 1832 sentire
754 1788 810 1832 uos
836 1776 959 1852 gustum
986 1768 1157 1833 uisibilium
1188 1771 1340 1834 cibotum:
1376 1791 1412 1834 ea
1440 1790 1513 1833 uero

259 1873 420 1958 uigilantia
441 1893 540 1955 usque
555 1871 593 1935 ad
610 1870 788 1955 opinionem
807 1872 1010 1950 solummodo,
1033 1877 1120 1935 entra
1135 1873 1286 1937 uisionem
1301 1893 1375 1936 uero
1391 1868 1513 1936 null'um

260 1997 387 2041 sensum
409 1974 535 2038 adhibet
556 1973 688 2037 notitia?
711 1974 742 2037 in
766 1974 848 2038 hune
870 1974 998 2038 modum
1022 1982 1053 2039 et
1075 1974 1113 2039 de
1135 1975 1245 2039 auditu
1269 1981 1299 2039 ct
1321 1976 1392 2039 uisu
1408 1983 1455 2040 est
1470 1975 1515 2040 di·
1533 1987 1586 2047 564

208 2156 214 2165 ι
261 2079 404 2144 cendum.
449 2076 678 2141 considerantes
709 2077 804 2159 igitur
833 2077 907 2160 quid
934 2077 1084 2140 estuisio
1112 2081 1142 2139 et
1168 2077 1250 2141 unde
1277 2083 1394 2161 atquo
1421 2078 1512 2142 modo

216 2198 247 2243 uo
261 2182 381 2246 somnia
402 2181 492 2259 fiunt,
515 2179 646 2243 dicimus
668 2179 724 2242 sic:
749 2200 810 2243 non
830 2189 876 2244 est
891 2180 992 2263 passio
1011 2201 1119 2243 sensus
1137 2180 1298 2243 somniari:
1323 2181 1512 2265 impossibile

260 2286 344 2350 euim
367 2284 572 2349 dormientem
595 2287 627 2346 ct
649 2283 843 2346 coniuentem
871 2282 977 2347 uidere
1004 2291 1059 2346 aut
1085 2282 1204 2366 aliquid
1231 2284 1356 2348 omuino
1383 2285 1510 2349 sentire:
1526 2301 1553 2343 ao

260 2388 314 2451 sed
336 2409 436 2471 neque
458 2385 666 2469 intellegentis
689 2392 721 2449 et
742 2384 898 2470 opinantis
920 2385 1017 2468 partis
1041 2392 1086 2448 est
1108 2386 1247 2465 animae,
1271 2386 1345 2468 quia
1367 2386 1444 2450 nihil
1466 2387 1512 2451 in-

263 2491 367 2575 tellegi
389 2491 441 2555 uel
464 2489 609 2573 opinione
631 2489 742 2552 coniici
763 2488 829 2551 sine
848 2509 940 2551 sensu
956 2488 1101 2573 possibile
1118 2489 1336 2573 apparentium
1352 2511 1511 2554 sensorum

260 2614 315 2677 per
347 2612 479 2657 somnos
523 2591 618 2674 igitur
650 2591 849 2654 manifestum
882 2591 956 2674 quia
981 2591 1123 2655 sensiuao
1150 2590 1247 2674 partis
1274 2597 1320 2654 est
1346 2592 1512 2673 somnium,

221 2711 250 2756 ao
263 2697 351 2761 cuius
373 2694 498 2778 quidem
522 2694 641 2777 etipse
664 2713 799 2756 somnus,
844 2712 905 2756 non
933 2693 1018 2757 enim
1044 2692 1106 2756 alia
1127 2692 1262 2776 quadam
1285 2699 1373 2778 parte
1395 2695 1512 2768 anima-

260 2799 338 2863 lium
360 2803 407 2861 est
428 2818 569 2874 somnne,
595 2797 658 2860 alia
680 2817 753 2860 uero
775 2796 937 2874 somniari,
964 2795 1017 2860 sed
1040 2796 1163 2874 cadem,
1192 2796 1267 2859 dum
1288 2797 1452 2881 phantasia
1474 2818 1513 2861 ex

260 2901 384 2966 seneiua
410 2900 460 2964 sit.
505 2906 552 2964 est
585 2900 668 2963 enim
701 2898 865 2983 phantasia
896 2904 1000 2962 motus
1034 2919 1073 2962 ex
1104 2899 1186 2962 facto
1219 2920 1310 2963 seusu
1342 2900 1553 2965 secundumao

262 3003 483 3089 operationem.
527 3003 560 3065 in
582 3022 690 3065 somno
713 3022 786 3065 uero
810 3001 996 3085 phantasma
1017 3002 1173 3065 somnium
1197 3000 1342 3082 dicimus,
1369 3009 1512 3085 apertum

260 3107 333 3191 quia
353 3105 494 3169 seneiuae
516 3104 642 3189 quidem
664 3104 763 3187 partis
784 3111 831 3167 est
852 3104 1015 3167 somniari:
1043 3103 1121 3167 illud
1146 3104 1254 3187 itaque
1280 3105 1511 3189 phantasticum

208 3268 609 3280 ——-.—..———

207 3360 239 3414 15
263 3362 371 3414 Aristot.
389 3359 494 3413 458b7:
520 3359 636 3414 ἀδυνατοῖ
651 3360 677 3413 δὲ
696 3363 777 3413 πάντα
794 3342 890 3428 poclm
909 3360 953 3412 οιαί
971 3358 1128 3413 καθεύδοντα
1146 3360 1213 3430 ὁρᾶν,
1232 3323 1327 3428 θμοίιος
1345 3362 1372 3414 δί
1390 3363 1434 3415 οιαὶ
1452 3363 1493 3416 ἰπί
1510 3371 1563 3417 τῶν
1635 3421 1637 3424 ,
1731 3370 1738 3387 ’

204 3448 308 3512 λοιπῶν,
327 3446 403 3517 δῆλον
421 3445 460 3499 ότι
472 3446 519 3500 σόοι
538 3446 709 3517 αἰσθανόμεθα
728 3446 799 3500 οἰιθίν
819 3449 844 3501 ἰν
856 3454 907 3506 τοῖς
925 3445 1019 3504 ὕπνοις.
1047 3446 1094 3499 aha
1112 3448 1160 3520 α’ρα
1179 3468 1206 3519 γε
1223 3451 1255 3524 τῇ
1275 3448 1389 3519 αἰσθήσει
1406 3450 1435 3503 τὸ
1449 3451 1563 3505 ἐνόπνιον

203 3534 376 3604 αἰσθανόμεθα
507 3536 536 3587 l'l
564 3537 602 3588 Id.
625 3535 728 3588 45928:
757 3534 795 3587 ότι
819 3537 863 3604 μὲν
887 3534 931 3586 οὖν
954 3533 1002 3587 oda
1026 3533 1077 3586 ἔστι
1099 3539 1145 3586 τοῦ
1167 3534 1312 3597 δοξάζοντος
1336 3536 1393 3590 ooo&
1416 3543 1461 3591 τοῦ
1483 3538 1562 3592 διανο-

203 3623 308 3693 οομίνου
327 3621 456 3698 τὸπάθος
472 3628 548 3675 τοῦτο
571 3623 584 3676 θ
602 3622 729 3692 καλοῦμεν
747 3624 897 3683 ἰννπνιάζειν
920 3621 1027 3691 φανερόν
1154 3624 1186 3674 li)
1216 3625 1251 3675 ld.
1268 3625 1389 3677 459212:
1417 3625 1561 3679 ὑποκείσθω

202 3709 238 3775 θ’,
256 3708 316 3782 ὅπιρ
334 3710 386 3762 ἰστί
404 3712 447 3762 καί
460 3711 573 3781 φανερόν,
592 3710 630 3764 ότι
646 3716 692 3763 τοῦ
709 3709 858 3780 αἰσθητικοῦ
876 3708 1005 3773 τὸπάθος,
1025 3708 1093 3781 εἰπιρ
1111 3712 1155 3762 καί
1174 3709 1186 3762 θ
1206 3708 1294 3769 ὕπνος·
1314 3711 1343 3765 οἰ
1362 3712 1408 3785 γὰρ
1427 3712 1496 3782 allo
1516 3716 1562 3782 μέν

201 3817 249 3851 τινι
267 3804 320 3850 τῶν
339 3798 414 3867 ζῴων
433 3797 538 3870 ὑπάρχει
557 3798 570 3851 θ
588 3796 672 3862 ὕπνος,
691 3797 761 3867 ἄλλῳ
781 3796 807 3849 δὲ
825 3796 854 3848 τὸ
872 3797 1031 3862 ἰννπνιάζειν,
1049 3796 1113 3850 ἀλλὰ
1131 3801 1170 3867 τῷ
1188 3795 1257 3867 αὐτῷ
1330 3798 1363 3850 22
1383 3800 1420 3851 ld.
1439 3800 1561 3853 459217:

201 3885 252 3937 ἔστι
270 3885 296 3938 δὲ
318 3883 440 3954 φαντασία
457 3885 474 3955 ἡ
493 3884 541 3937 ὑπὸ
560 3889 605 3956 τῆς
624 3884 683 3937 κατ’
705 3884 827 3955 ἐνέργειαν
846 3883 987 3955 αἰσθήσιος
1009 3886 1124 3967 γινρμένη
1144 3885 1254 3955 κίνησις,
1276 3885 1305 3938 τὸ
1323 3885 1347 3937 θ’
1369 3885 1481 3939 ἐνόπνιον
1500 3891 1561 3958 φάν·

200 3974 283 4042 τασρά
301 3991 324 4025 τι
344 3972 457 4041 φαίνεται
475 3973 536 4025 εἰναι
554 3973 593 4040 (τὸ
612 3973 658 4043 γὰρ
677 3972 702 4024 ἰν
721 3970 791 4041 θπαρ
810 3974 943 4042 φάντασμα
962 3971 1075 4024 ἐνύπνιον
1093 3971 1206 4041 λέγομεν,
1224 3970 1273 4023 εἶθ’
1295 3972 1382 4032 ἁπλῶς
1401 3973 1449 4026 εἴτε
1467 3976 1560 4047 τρόπον

199 4061 253 4112 τινὰ
273 4054 425 4130 γινόμενον),
451 4059 556 4132 φανερὸν
575 4058 613 4113 ότι
634 4064 679 4112 τοῦ
702 4058 850 4124 αἰσθητικοῦ
873 4060 918 4127 μέν
941 4059 992 4111 ἐστι
1015 4061 1044 4111 το
1067 4059 1230 4124 clamatae,
1254 4059 1345 4112 τοότου
1363 4061 1387 4114 δ’
1408 4059 1425 4132 ᾗ
1451 4061 1480 4114 τὸ
1499 4081 1560 4132 ραν·

201 4145 320 4200 ταστιοιόν
1499 4166 1503 4173 ·

198 4369 214 4422 2
237 4372 275 4422 cit.
293 4371 352 4422 add.
371 4372 411 4424 II:
431 4373 499 4436 Quid
517 4377 556 4426 est
573 4375 642 4427 nisio
660 4378 686 4426 et
704 4374 774 4426 uude
791 4373 839 4426 fit?
946 4374 961 4428 5
986 4375 1205 4429 insensibilitates
1226 4376 1260 4428 0¹
1367 4380 1383 4431 9
1406 4379 1438 4430 ab
1457 4398 1502 4430 om.
1524 4379 1559 4430 G¹

198 4457 223 4510 9.
236 4457 267 4509 12
294 4474 373 4526 quare
393 4477 440 4528 per
457 4462 586 4514 somnium
605 4462 776 4515 notitia-ea
793 4476 855 4513 uero
873 4461 1022 4531 uigilantis]
1049 4464 1097 4514 te.
1114 4482 1203 4530 praece
1226 4465 1266 4518 διὰ
1283 4466 1308 4518 τί
1325 4467 1341 4537 ἡ
1361 4466 1406 4534 μὲν
1425 4464 1483 4517 κατ’
1505 4465 1558 4518 ἐνό-

195 4563 266 4598 πνιον
285 4545 417 4618 ἔννοια-ἡ
437 4547 463 4600 dl
481 4553 527 4601 τοῦ
545 4549 742 4619 ἰγρηγοροῦντος
761 4550 853 4616 (catera
867 4567 912 4599 αοα
926 4551 987 4600 auca
1000 4550 1114 4617 dispicio)
1206 4552 1236 4603 12
1256 4558 1331 4605 extra
1349 4553 1477 4605 uisionem
1496 4570 1558 4606 uero

198 4632 235 4684 Gl
247 4634 340 4703 purtim
359 4635 384 4684 ιἰι
401 4653 462 4701 raa,
478 4638 574 4701 partim
594 4655 670 4707 supra
689 4655 781 4687 versum
801 4637 827 4704 (7
847 4636 893 4688 liet.
912 4637 989 4702 eras.)
1134 4637 1165 4690 13
1192 4639 1298 4692 adhibet
1319 4638 1356 4691 G¹
1373 4641 1397 4690 ιἰι
1415 4659 1466 4691 raa.

200 4719 232 4771 14
254 4720 385 4789 quidest]
405 4723 485 4791 quide
507 4722 529 4774 G
642 4724 673 4775 16
696 4726 859 4777 contuentem
882 4724 930 4776 Gl:
949 4726 1147 4778 conuenientem
1169 4725 1203 4777 G¹
1315 4726 1347 4779 17
1371 4728 1488 4796 intellegi
1510 4727 1558 4794 θ’,

194 4806 310 4875 intelligi
332 4807 367 4859 G'
462 4809 493 4861 18
512 4811 607 4863 coniici
626 4812 662 4861 θιέ
680 4813 796 4876 scriplum
814 4813 838 4861 ιά
859 4810 890 4876 G,
910 4822 932 4862 αι
950 4813 976 4862 in
993 4823 1058 4863 textu
1076 4823 1099 4863 et
1117 4814 1141 4862 ιἰι
1160 4831 1238 4881 murp.
1293 4843 1298 4854 ·
1337 4814 1371 4867 23
1389 4815 1513 4869 lastasma
1534 4814 1557 4870 G

195 4894 228 4946 24
247 4894 313 4948 illud
331 4895 419 4965 itaque
440 4894 476 4947 Gl
494 4897 518 4947 in
536 4916 587 4950 raa.
607 4897 635 4968 (7
654 4898 700 4951 lite.
719 4899 796 4967 eras.)
904 4898 1073 4954 fantasticum
1095 4898 1118 4950 G
