3510 5610
583 322 824 378 METAPHRASIS
843 324 878 378 IN
899 322 1179 379 THEOPHRASTUM
1536 326 1557 388 5

257 494 398 580 μεγέθους
423 498 472 560 καὶ
493 499 635 581 κινήσεως
661 533 702 542 -
729 495 834 565 δόξειεν
858 495 892 559 ἂν
918 488 954 560 τὰ
980 496 1060 560 κοινὰ
1084 499 1192 579 μᾶλλον
1219 497 1290 561 εἶναι
1312 504 1424 584 ψυχῆς,
1453 498 1502 560 καὶ

255 598 343 661 οἱονεὶ
365 598 439 662 κατὰ
461 600 646 685 συμβεβηκὸς
667 599 861 680 γινώσκεσθαι
888 599 944 662 ῦπδ
967 605 1018 683 τῆς
1041 598 1208 682 αἰσθήσεως
1230 600 1265 662 τό
1287 602 1376 663 κοινά.
1422 597 1501 670 ἀλλ’,

255 702 296 769 ὡς
317 700 439 785 εἴρηται,
461 701 605 786 δευτέρως
625 701 696 764 αῦτδ
719 702 755 784 δὴ
778 705 861 765 τοῦτο
883 702 1049 785 γνωρίζεται
1076 702 1132 763 ὑπὸ
1155 702 1331 786 αἰσθήσεως,
1354 699 1418 764 ἀλλ’
1446 701 1503 785 οὐχ

256 802 313 864 ῦπδ
337 803 426 888 μόνης
447 810 499 888 τῆς
521 805 655 873 διανοίας.
700 808 749 867 τοῦ
773 804 806 866 δὲ
831 802 924 887 άχρου
951 804 997 867 καὶ
1020 808 1070 866 τοῦ
1094 803 1297 887 ἐσκυτισμένου
1325 806 1344 887 ἡ
1369 801 1432 888 ὄψις
1455 805 1502 867 καί

228 908 306 987 στῆς
321 912 434 990 σιωπῆς
456 931 475 990 η
492 907 565 990 ἀκοὴ
591 905 809 969 συναισθάνεται
831 904 864 967 οῦ
881 905 954 968 κατὰ
973 905 1125 989 ἐπέρεισιν,
1148 905 1212 969 ἀλλ’
1232 906 1313 991 αὐτῷ
1338 911 1379 991 τῷ
1396 906 1502 968 κωλύε-

254 1010 325 1074 σθαι
345 1010 397 1092 τὴν
420 1008 561 1093 ἐνέργειαν
590 1009 619 1070 ἐν
642 1012 685 1093 τῷ
709 1007 865 1090 πειρᾶσθαι
887 1007 973 1091 κρίνει
996 1009 1014 1091 ἡ
1037 1007 1186 1091 αἴσθησις,
1213 1008 1246 1070 τδ
1270 1008 1383 1077 ἐλλιπὲς
1405 1009 1501 1070 αὐτῶν

254 1113 302 1175 καὶ
325 1110 509 1194 διεσταμένον
531 1115 575 1195 τῷ
599 1110 638 1194 μὴ
655 1108 827 1194 ἐφαρμόζειν
850 1111 899 1172 τδν
914 1110 998 1192 λόγον
1020 1111 1207 1195 γνωρίζουσα,
1230 1115 1280 1173 τοῦ
1304 1112 1339 1195 δὴ
1363 1110 1502 1192 αἰσθητη-

256 1215 316 1298 ρίου
332 1215 380 1278 καὶ
395 1211 649 1299 παρατρεπομένου
672 1235 735 1280 πως
749 1212 797 1275 διά
817 1214 850 1275 τδ
866 1213 989 1298 πάσχειν
1013 1213 1068 1275 ὑπὸ
1085 1216 1135 1275 τοῦ
1150 1212 1303 1297 αἰσθητοῦ.
1404 1210 1503 1275 Τοιοῦ-
1527 1227 1555 1283 12

253 1339 302 1385 τος
325 1317 376 1401 μὲν
399 1314 449 1379 οῦν
472 1317 488 1379 δ
511 1316 605 1384 κοινδς
627 1315 693 1399 περὶ
715 1315 883 1398 αἰσθήσεως
905 1314 999 1398 λόγος.

215 1434 241 1478 ιο
339 1417 409 1503 Περὶ
443 1418 476 1480 δὲ
507 1422 565 1479 τῶν
593 1416 668 1480 κατὰ
701 1415 787 1501 μέρος
812 1417 994 1500 αἰσθήσεων,
1028 1418 1088 1481 οἷον
1117 1415 1212 1501 ὅψεως
1239 1418 1330 1500 ἀκοῆς
1362 1418 1409 1479 καὶ
1443 1422 1500 1480 τῶν

253 1525 377 1596 λοιπῶν,
404 1521 498 1584 ἐκεῖνο
520 1519 594 1589 τέως
616 1519 771 1603 διοριστέον
795 1522 835 1588 ῶς
857 1518 891 1582 οῦ
916 1520 967 1601 μία
989 1518 1077 1591 οῦσοι,
1100 1521 1233 1603 καθάπερ
1256 1519 1329 1588 τινές
1351 1541 1451 1604 φασιν,
1479 1522 1499 1603 ἡ

148 1654 154 1667 ·
253 1623 388 1708 αἴσθησις
410 1625 593 1687 εἰδοποιεῖται
608 1621 754 1706 διαφόρως
776 1622 832 1684 ὑπδ
856 1628 912 1684 τῶν
933 1621 1114 1706 μετεχόντων
1137 1623 1280 1705 ὀργάνων·
1304 1622 1338 1685 οὐ
1360 1623 1414 1706 γάρ
1438 1622 1499 1685 ἐστι

252 1726 454 1811 προηγουμένη
483 1730 536 1808 τῆς
561 1729 619 1788 τῶν
642 1727 791 1805 δυνάμεων
814 1726 954 1809 διαφορᾶς
979 1726 998 1807 ἡ
1022 1731 1080 1788 τῶν
1103 1725 1231 1809 ὀργάνων
1254 1722 1403 1807 ἑτερότης,
1430 1723 1498 1787 οὐδὲ

253 1829 336 1913 κυρία
362 1833 412 1891 τοῦ
442 1830 565 1913 μερίζειν
591 1827 643 1896 τὰς
669 1827 818 1908 δυνάμεις,
851 1825 916 1889 ἀλλ’
944 1826 1018 1910 αὐτὴ
1046 1829 1065 1910 ἡ
1090 1825 1230 1909 ιαἴσθησις
1257 1822 1296 1909 μί
1324 1823 1397 1889 οῦσα
1423 1826 1492 1889 καθ’

216 1948 241 1993 15
253 1932 343 2014 αὐτὴν
366 1931 413 1994 καὶ
436 1931 476 1999 εἰς
501 1930 586 1993 πέντε
609 1929 792 2014 μεμέρισται,
819 1928 860 1998 εἰς
882 1929 934 1997 τὰς
954 1935 1011 1992 τῶν
1034 1926 1104 1992 καθ’
1132 1929 1241 1992 ἕκαστα
1268 1928 1417 2011 αἰσθητῶν
1440 1930 1497 1991 δια-

254 2037 383 2117 γνώσεις,
405 2034 452 2096 καὶ
475 2038 512 2115 τῇ
529 2037 586 2096 τῶν
601 2032 768 2115 αἰσθήσεων
791 2032 929 2115 διακρίσει
945 2033 993 2095 καὶ
1014 2033 1033 2115 ί,
1050 2036 1107 2094 τῶν
1130 2032 1259 2115 ὀργάνων
1274 2030 1499 2116 ἐπηκολούθησε

253 2134 426 2221 διαφορότης
447 2135 561 2203 οἰκείως
582 2135 653 2218 πρὸς
677 2135 800 2217 ἑκάστην
824 2133 1076 2219 συναρμοζομένη·
1111 2138 1162 2196 τοῦ
1184 2133 1238 2218 γὰρ
1260 2132 1361 2197 ῦλυιοῦ
1383 2136 1431 2197 καὶ
1454 2135 1499 2218 δρ·

252 2243 367 2323 γανικοῦ
392 2242 533 2322 μερισμοῦ
556 2241 723 2321 προηγεῖται
746 2239 765 2320 η
788 2238 917 2321 εἰδητικὴ
946 2237 994 2300 καὶ
1015 2237 1045 2299 ἐν
1068 2241 1128 2305 τοῖς
1150 2235 1313 2320 χρωμένοις
1335 2239 1377 2305 ὡς
1398 2260 1500 2321 κυριω-

252 2342 321 2426 τέρα
336 2339 478 2425 ἑτερότης.
576 2338 682 2403 Ἀλλὰ
703 2339 736 2401 τί
755 2341 793 2402 τὸ
810 2341 891 2424 δρᾶν
914 2339 1092 2422 ἢάκοόειν
1114 2339 1421 2422 ῆόσφραίνεσθαι;
1444 2340 1501 2401 καλ
1521 2355 1548 2413 13

213 2444 397 2529 ευπότερον
420 2443 477 2508 διὰ
500 2442 606 2526 μέσου
626 2443 735 2505 πᾶσαί
754 2465 861 2516 τινος,
884 2445 929 2511 ὡς
951 2443 970 2524 ἡ
992 2440 1070 2526 όψις
1091 2440 1146 2503 διό
1167 2445 1228 2503 τοῦ
1251 2442 1457 2526 διαφανοῦς,
1480 2468 1498 2526 η

252 2548 341 2612 ένιαι
374 2546 513 2631 ἀμέσως
540 2545 754 2630 ἐφάπτονται
786 2548 854 2606 τῶν
881 2544 1074 2628 αἰσθητῶν;
1108 2543 1164 2606 καὶ
1193 2543 1227 2605 τί
1250 2543 1287 2605 τδ
1315 2543 1500 2628 διαφανές;

252 2651 331 2736 οἶμαι
353 2651 447 2713 τοίνυν
474 2648 541 2712 οὔτε
562 2645 625 2711 κατ’
653 2647 791 2731 είσδοχὴν
818 2646 1025 2709 ἀποτελεῖσθαι
1046 2647 1099 2730 τὴν
1123 2644 1202 2731 όψιν,
1233 2649 1273 2714 ῶς
1297 2646 1499 2741 μηοφυυμένην

254 2755 309 2817 ῦπδ
332 2758 389 2816 τῶν
411 2753 561 2836 αἰσθητῶν
583 2752 658 2814 κατά
679 2774 740 2813 τινα
762 2746 812 2812 ἀπ’
839 2748 936 2811 αὐτῶν
958 2750 1119 2833 ἀπορροήν·
1150 2747 1217 2811 οῦτε
1239 2749 1313 2812 κατὰ
1335 2749 1498 2833 ἐκπομπήν,

252 2860 292 2926 ῶς
314 2854 451 2938 σώματός
473 2878 546 2924 τινος
568 2853 789 2937 ἐκπεμπομένου
818 2854 866 2916 καί
889 2854 1071 2936 θιγγάνοντας
1096 2857 1153 2915 τῶν
1177 2851 1340 2935 αἰσθητῶν·
1375 2850 1442 2914 οὔτε
1463 2851 1499 2914 τὰ

212 2976 239 3020 25
252 2961 303 3043 μὲν
325 2962 469 3045 χρώματα
492 2961 543 3020 τοῦ
560 2959 716 3041 διαφανοῦς
737 2954 809 3018 εἶναι
831 2956 959 3040 κινητικά
982 2959 1023 3024 ὡς
1043 2956 1103 3018 οίον
1127 2958 1292 3039 μορφοῦντα
1307 2955 1389 3030 αὐτό,
1412 2954 1444 3016 τδ
1466 2955 1499 3017 δέ

254 3061 390 3146 διαφανὲς
411 3066 464 3144 τῆς
483 3058 593 3144 ὄψεως·
617 3058 692 3121 ἀλλὰ
714 3059 883 3143 δραστήριον
899 3056 1006 3143 ἔχοντα
1027 3057 1063 3120 τά
1078 3056 1143 3140 είδη
1166 3056 1283 3139 δύναμιν
1306 3059 1375 3140 δρῦν
1391 3057 1498 3121 ἕκαστα

251 3167 292 3234 εἰς
313 3166 346 3227 τδ
362 3164 466 3226 παθεῖν
482 3162 642 3245 ἐπιτήδειον
658 3160 711 3225 οῦκ
728 3159 915 3246 ἐφαπτόμενα
929 3163 1053 3234 πάντως,
1077 3161 1151 3223 ἀλλὰ
1171 3161 1218 3223 καὶ
1241 3160 1283 3229 είς
1297 3160 1333 3222 τὰ
1348 3163 1498 3237 διεστῶτα,

252 3269 309 3337 έως
332 3266 365 3330 ἂν
388 3265 550 3349 σύμμετρος
572 3261 669 3347 ᾖτυῖς
691 3264 743 3348 μὲν
765 3265 806 3333 εἰς
829 3264 861 3326 τδ
882 3269 1001 3347 ποιῆσαι
1021 3266 1082 3331 τοῖς
1104 3263 1136 3325 δὲ
1159 3262 1200 3331 εἰς
1221 3263 1254 3325 τδ
1270 3262 1375 3324 παθεῖν
1397 3265 1417 3347 ἡ
1439 3266 1497 3328 διά-

252 3391 358 3439 στασις.
397 3369 445 3432 διὰ
466 3367 520 3451 γὰρ
535 3368 568 3430 τδ
585 3366 736 3449 σωματικά
756 3365 827 3455 εἶναι
850 3368 898 3429 καὶ
921 3364 951 3428 ἔν
973 3389 1026 3428 τινι
1048 3365 1225 3449 κατέχεσθαι
1247 3367 1295 3428 καὶ
1316 3364 1398 3450 τόπῳ
1421 3390 1496 3450 περι-

210 3473 410 3561 υυγράφεσθαι
438 3470 491 3534 οῦκ
519 3470 560 3538 εἰς
581 3469 614 3531 τὸ
638 3470 820 3551 ὁπουδήποτε
848 3467 879 3531 δν
902 3469 1023 3552 ἐνεργεῖ,
1051 3466 1114 3531 ἀλλ’
1143 3467 1183 3537 εἰς
1208 3468 1241 3530 τδ
1265 3468 1436 3552 συμμέτρως
1458 3473 1496 3552 τῇ

250 3602 282 3642 τε
303 3577 443 3662 δραστικῇ
467 3577 525 3636 τῶν
548 3572 704 3634 ποιούντων
731 3572 850 3654 δυνάμει
873 3572 920 3633 καὶ
947 3575 984 3656 τῇ
1013 3576 1071 3633 τῶν
1094 3568 1265 3655 πασχόντων
1287 3569 1496 3654 ἐπιτηδειότητι

196 3764 404 3776 ——-—-··--
433 3762 594 3768 -——·

195 3884 213 3936 4
239 3899 295 3953 sqq.
314 3882 347 3935 cf.
365 3881 475 3934 Aristot.
492 3879 613 3932 422·20:
633 3879 750 3950 Simplic.
768 3881 785 3932 1.
799 3896 821 3931 ο.
842 3879 940 3944 13435
1066 3883 1096 3933 14
1124 3881 1157 3935 ef.
1176 3880 1283 3934 Aristot.
1302 3878 1408 3932 449217

196 3970 231 4026 20
247 3987 305 4040 sqq.
323 3969 356 4023 cf.
374 3967 489 4036 Simplic.
508 3967 525 4019 1.
538 3983 560 4020 ο.
583 3965 691 4033 136,29ι
711 3968 819 4020 Aristot.
837 3965 927 4019 42311

529 4136 595 4143 ——

197 4244 219 4336 ιι
238 4244 282 4296 ιιι
300 4246 351 4296 om.
370 4244 425 4296 Lw
532 4249 592 4313 post
610 4243 640 4296 ιν
659 4244 718 4297 εει.
737 4242 781 4296 ουν
800 4260 821 4295 w
934 4243 1059 4296 νοιωνει
1078 4243 1192 4307 υιτνυν
1298 4242 1386 4312 ειη]
1405 4241 1431 4295 ιι
1450 4243 1496 4295 ιιι

212 4341 224 4369 ae

195 4322 227 4452 δὴ
245 4382 290 4435 1ιί
309 4381 335 4434 δὲ
354 4381 385 4452 δὴ
405 4382 473 4445 BQV
592 4379 742 4450 αἰσθήσεως]
762 4385 808 4451 τῆς
825 4379 965 4450 αἰσθήσεως
984 4397 1006 4432 w
1124 4382 1139 4433 ’ἰ
1167 4381 1310 4451 διεταμίνον
1328 4382 1386 4445 LQ:
1406 4380 1495 4433 διιστά-

194 4487 269 4537 μενον
287 4485 309 4520 ιι
414 4474 458 4520 τοῦ
477 4468 503 4520 δέ
522 4469 591 4537 vulg.
699 4470 714 4519 9
737 4467 878 4538 αἰσθήσεων
897 4468 928 4520 L¹
1038 4470 1068 4521 14
1092 4469 1129 4538 μί’
1151 4471 1259 4538 scripsi:
1278 4469 1331 4539 μίγα
1349 4468 1432 4521 W:
1451 4466 1496 4534 μία

195 4555 639 4626 διτ(111υἱιιυεονιαε)ιμὴ1οε1.
756 4555 786 4607 15
814 4556 849 4612 εἰς
866 4555 939 4621 (ante
956 4555 1012 4621 τὰς)
1029 4556 1136 4609 seclusit
1155 4573 1175 4608 w
1284 4556 1315 4609 16
1342 4553 1494 4624 αἰσθήσεων]

195 4642 323 4714 αἰσθητῶν
341 4659 364 4695 w
444 4641 626 4713 ἰπιτιολοόθηοε
644 4643 674 4695 L¹
759 4642 790 4694 17
809 4642 960 4714 διαφορότης
977 4643 1047 4696 ΜίΡι
1067 4642 1172 4714 διαφορά
1191 4663 1227 4702 τις
1244 4646 1284 4697 bw
1369 4642 1400 4695 18
1418 4659 1495 4713 προη-

195 4728 289 4801 γεῖσθαι
309 4734 324 4783 b
431 4730 552 4800 ιίῦικτυιὴ
571 4731 672 4783 LMVb:
691 4729 794 4799 εἰδιτικὴ
815 4730 893 4793 HQP:
915 4729 994 4800 ιίδικη
1013 4746 1064 4799 mg.
1076 4733 1115 4784 bw
1221 4730 1257 4789 ὡς
1275 4731 1381 4784 seclusit
1400 4746 1421 4781 w

157 4804 163 4813 ’
195 4818 229 4870 22
247 4819 410 4890 μορφουμίνη
429 4818 493 4871 ΜΡδ
615 4816 648 4869 25
676 4815 746 4869 αὐτῶ
765 4817 868 4869 L¹M¹P¹
887 4819 986 4870 text.b
1110 4817 1143 4869 27
1172 4816 1298 4886 ἐπιτήδεια
1316 4817 1419 4881 BLM¹Q

195 4900 263 4980 1υῇ
282 4906 342 4957 Hw:
361 4904 391 4975 ἠν
411 4906 430 4957 L
450 4909 498 4957 cet.
605 4906 638 4955 29
657 4903 803 4972 σωματικόν
822 4905 933 4957 HMwa
1040 4905 1070 4957 31
1092 4902 1283 4975 ἐπιτηδειότητι]
1302 4903 1406 4974 ἰδιότητι
1423 4904 1456 4957 L¹
