3510 5610
641 335 850 392 SOLUTIONES
870 338 916 397 AD
935 335 1116 394 OHOSROEM

782 646 876 711 CAP.
899 646 967 711 Vll.

761 781 882 847 Titulus
903 785 988 848 deest.
1046 795 1050 802 '

335 973 374 1037 Et
394 973 451 1037 hoe
473 994 610 1056 quoque:
634 993 730 1056 quare
752 993 846 1055 graue
868 973 900 1037 in
924 995 995 1038 aere
1017 982 1049 1039 et
1071 975 1149 1058 ignis
1170 975 1202 1038 in
1224 972 1410 1037 humiditate
1429 972 1500 1035 sub-

249 1074 332 1138 sistit
354 1083 386 1138 et
407 1076 616 1159 receptionem
637 1072 755 1153 habet?
771 1074 897 1139 uidetur
913 1077 1044 1140 enimin
1060 1099 1130 1141 acre
1144 1076 1224 1160 iguis
1239 1096 1309 1138 cum
1324 1073 1500 1153 umilitate,

221 1182 281 1240 oet
303 1199 391 1242 casus
413 1178 574 1242 cuiusdam
595 1176 698 1260 grauis
721 1198 759 1240 ex
782 1198 852 1241 aere
874 1178 909 1241 fit
931 1186 963 1242 et
983 1179 1041 1244 hoc
1063 1181 1165 1264 ipsum
1195 1178 1353 1242 ambiente
1375 1177 1407 1241 in
1430 1187 1500 1240 aere

251 1281 350 1344 solida
372 1279 584 1344 crassitudine.
629 1300 697 1363 per.
711 1300 783 1343 aera
809 1280 892 1344 enim
913 1303 1027 1365 purum
1049 1291 1081 1345 ot
1102 1303 1237 1345 uacuum
1259 1280 1357 1345 solida
1380 1279 1500 1342 crassit-

250 1383 345 1448 udine
365 1405 430 1447 esse
444 1389 547 1468 potest
562 1381 805 1465 unumquodque
820 1383 945 1461 animal,
968 1383 1204 1468 inspirationem
1220 1391 1251 1448 et
1266 1382 1500 1467 respirationem

250 1485 391 1551 habendo
415 1491 447 1549 et
469 1506 488 1549 a
508 1486 575 1566 loco
598 1485 631 1547 in
652 1484 756 1548 locum
775 1485 977 1549 transeundo:
1002 1493 1033 1550 et
1048 1507 1139 1550 omne
1154 1487 1370 1571 quodcumque
1385 1506 1404 1548 a
1418 1489 1501 1547 terra

254 1589 287 1653 in
309 1610 383 1653 aera
404 1588 552 1672 proicitur
574 1588 688 1651 iterum
709 1587 742 1650 in
765 1592 880 1650 terram
902 1589 1079 1669 resoluitur;
1103 1595 1134 1653 et
1155 1611 1215 1654 non
1240 1588 1364 1653 uidetur
1379 1588 1453 1671 quid
1468 1587 1542 1651 iuro

212 1708 239 1753 ιο
252 1714 324 1757 aere
346 1690 429 1775 quod
450 1696 552 1776 potest
574 1711 668 1773 graue
690 1688 766 1773 qnid
787 1698 842 1752 aut
864 1690 1098 1756 crassitudinem
1120 1692 1284 1756 sustinere:
1312 1710 1404 1773 saepe
1425 1711 1500 1754 uero

250 1802 282 1861 et
303 1816 380 1881 puro
403 1814 473 1858 aere
495 1793 575 1857 nubs
597 1792 699 1856 subito
722 1792 855 1869 uidetur,
879 1813 917 1856 ex
939 1815 1002 1877 qua
1023 1794 1132 1877 pluuia
1153 1794 1253 1857 multa
1275 1793 1446 1871 descendit3
1470 1799 1502 1856 et

249 1900 335 1982 ignes
357 1896 395 1961 de
418 1895 502 1960 caelo
525 1900 580 1958 aut
601 1893 733 1957 fulmina
755 1898 810 1956 aut
830 1914 924 1977 graue
947 1894 1023 1977 quid
1044 1899 1135 1980 saepe
1158 1897 1242 1960 cadit
1255 1895 1295 1960 ad
1309 1901 1433 1960 terram.
1468 1900 1500 1959 et

248 2001 282 2065 in
304 2021 374 2064 aere
396 1999 481 2063 intus
502 1996 637 2061 nubibus
660 2001 692 2059 et
713 1994 820 2079 pluuia
846 1996 926 2079 ignis
953 1998 1127 2081 effulgorat,
1162 2006 1194 2064 et
1220 1999 1275 2062 lux
1301 1997 1440 2076 uidetur,
1469 2004 1500 2062 et

251 2103 370 2168 sonitus
391 2101 497 2185 magni
519 2106 550 2163 et
570 2097 731 2176 terribiles
755 2098 843 2180 quasi
866 2099 1018 2181 quaedam
1040 2099 1147 2182 grauia
1163 2107 1194 2164 et
1208 2102 1298 2165 firma
1314 2121 1385 2164 curn
1400 2100 1500 2164 multa

209 2223 235 2268 15
249 2215 280 2270 et
302 2203 545 2290 supereminenti
570 2201 688 2264 uirtute
714 2200 797 2264 inter
821 2221 854 2264 se
879 2200 1015 2265 inuicem
1038 2201 1143 2267 collisa
1166 2225 1204 2268 err
1226 2225 1297 2268 aere
1319 2203 1498 2267 audiuntur.

249 2317 281 2376 et
302 2311 335 2374 in
362 2306 493 2372 circuitu
520 2324 643 2388 quoque
669 2302 815 2381 nubium,
841 2308 992 2386 tanquam
1014 2325 1033 2367 a
1056 2304 1190 2388 quadarn
1215 2326 1314 2389 parua
1340 2305 1497 2385 distantia,
1511 2322 1539 2364 so

248 2414 294 2478 sol
318 2418 349 2476 et
370 2430 467 2495 purus
490 2428 543 2471 aer
564 2413 595 2471 ot
616 2426 717 2488 nequo
740 2404 972 2483 connebulatio,
999 2406 1051 2470 sed
1075 2428 1175 2491 neque
1197 2408 1364 2492 spirituum
1386 2416 1499 2491 motus,

248 2517 292 2582 sie
314 2520 361 2578 est
382 2519 419 2577 ut
440 2511 538 2595 possit
559 2508 700 2592 cognosci
733 2508 807 2591 quia
839 2508 937 2571 nubes
964 2518 996 2572 et
1022 2509 1162 2593 pluriiam
1190 2530 1251 2574 nou
1277 2532 1316 2574 ex
1343 2512 1404 2575 alio
1432 2512 1497 2577 loco

248 2618 414 2703 spirituum
437 2611 603 2677 necessitas
630 2610 751 2688 intulit,
784 2608 839 2673 sed
865 2631 904 2673 ex
930 2610 996 2695 ipso
1024 2631 1094 2675 aere
1121 2612 1269 2676 uelociter
1295 2614 1420 2678 turbato
1446 2636 1499 2699 ap-

207 2738 236 2783 ro
248 2722 428 2804 paruerunt,
451 2723 482 2780 et
503 2715 569 2799 ipse
591 2714 694 2796 grauis
716 2712 889 2776 cuiusdam·
900 2733 988 2776 casus
1009 2719 1041 2777 et
1056 2714 1191 2798 crepitus
1206 2736 1243 2779 ex
1258 2715 1325 2799 ipso
1341 2737 1412 2779 aare
1426 2718 1498 2781 sact'

248 2832 336 2891 sunt:
365 2828 397 2885 et
422 2819 480 2882 hoc
506 2816 632 2901 quidem
658 2814 868 2899 praeclarum,
903 2815 976 2898 quia
1008 2816 1106 2880 nubes
1131 2817 1227 2881 talem
1254 2818 1441 2883 soliditatem
1470 2827 1501 2883 et

249 2929 398 2993 uirtutem
423 2921 474 2985 uel
496 2918 729 2984 crassitudinem
758 2940 821 2983 non
848 2919 964 2984 habent
989 2919 1034 2983 ita
1059 2926 1096 2982 ut
1116 2920 1221 3003 gracili
1243 2921 1354 2986 saltem
1377 2923 1500 2986 cuidam

248 3030 336 3116 graui
362 3026 396 3089 in
422 3045 492 3088 aero
505 3021 641 3119 ,resistat
666 3027 698 3084 et
724 3019 943 3105 deprehendat.
998 3029 1214 3105 argumentum
1248 3044 1376 3108 quoque
1404 3026 1498 3089 ctiam
1512 3043 1541 3085 ao

249 3155 287 3198 ex
308 3131 381 3209 hoc,
409 3127 483 3210 quia
504 3124 537 3188 in
559 3122 715 3187 montanis
737 3128 810 3186 sunt
831 3123 892 3188 loci
913 3124 959 3188 ita
979 3131 1015 3188 ut
1036 3145 1127 3209 saepe
1150 3125 1277 3211 quidem
1298 3148 1391 3211 supra
1413 3150 1499 3194 mon-

207 3254 235 3298 ae
249 3236 330 3299 tium
353 3250 500 3297 cacumen
522 3227 586 3290 sole
608 3226 759 3290 existente
781 3230 812 3289 et
833 3246 910 3310 puro
933 3248 1004 3291 acre
1027 3233 1059 3291 et
1080 3227 1215 3291 nubibus
1230 3228 1273 3293 ibi
1290 3250 1351 3293 non
1366 3231 1499 3295 existen·

248 3340 335 3406 tibus
357 3331 485 3398 inferius
508 3335 540 3393 ot
562 3329 594 3392 in
616 3328 718 3412 planis
741 3328 958 3393 connebulatio
980 3336 1012 3392 ot
1034 3329 1141 3414 pluuia
1163 3329 1194 3393 in
1218 3331 1326 3394 eadem
1348 3331 1424 3396 hora
1445 3335 1498 3399 sit:
1524 3342 1538 3371 ⁰

250 3463 321 3506 cum
344 3456 417 3501 uero
440 3456 458 3497 a
481 3432 641 3496 cacumine
662 3429 777 3494 montis
799 3430 831 3493 in
854 3430 908 3495 illo
930 3430 996 3495 loco
1020 3452 1080 3515 quo
1103 3431 1289 3517 principium
1312 3435 1498 3501 connebula·

247 3543 342 3609 tionis
364 3545 411 3603 est
432 3534 612 3620 apparuerit
633 3531 762 3616 quidam
783 3553 894 3617 uapor,
921 3532 953 3596 id
975 3540 1022 3598 est
1046 3535 1207 3612 umidius,
1234 3536 1394 3601 inuenitur
1420 3540 1499 3604 nubs

248 3646 318 3721 illa3
342 3648 556 3727 quantumque
578 3635 771 3720 progreditur
794 3635 862 3719 quis
884 3635 1014 3700 interius
1036 3637 1303 3702 connebulationis
1325 3639 1409 3704 illius
1431 3663 1499 3726 par·

209 3764 237 3809 so
250 3755 313 3812 tom
348 3743 556 3810 obscuriorem
588 3739 737 3803 inueniet.
786 3745 833 3802 est
858 3744 964 3803 autem'
993 3738 1115 3821 quaudo
1144 3746 1175 3803 et
1200 3741 1341 3822 guttulae
1368 3764 1406 3806 ex
1432 3745 1500 3829 ipsa

251 3851 375 3916 cadunt.
411 3868 481 3910 oum
497 3849 603 3909 autem
617 3841 687 3925 quis
704 3839 805 3904 adhuc
819 3839 908 3924 longe
924 3841 1090 3924 pertransit
1106 3843 1397 3908 connebulationem
1413 3847 1498 3912 illam

248 3961 281 4020 et
302 3954 341 4017 ab
364 3951 431 4035 ipsa
453 3946 583 4031 caligine
606 3949 638 4008 et
659 3963 774 4027 uapore
801 3942 944 4006 deorsum
971 3944 1085 4009 montis
1112 3952 1273 4027 mouetur,
1299 3954 1374 4011 tunc
1401 3971 1500 4035 uapor

122 4265 129 4279 .
198 4229 209 4282 l
237 4226 312 4279 CAP.
337 4221 409 4292 Vll]
429 4220 601 4275 SEPTIMUM
619 4218 815 4273 CAPITULUM
834 4218 969 4272 HABENS
988 4219 1040 4272 SIC
1059 4237 1144 4270 suanus
1162 4223 1264 4288 antiqua
1283 4222 1339 4290 (non
1354 4225 1449 4293 prima)
1468 4227 1493 4278 in
1514 4227 1553 4281 G:

90 4340 97 4359 ·
194 4335 239 4368 om.
260 4312 344 4365 cHrr
362 4313 442 4378 spurio
460 4319 561 4360 vacante
685 4307 720 4358 rit.
740 4308 798 4359 add.
818 4307 852 4357 M
877 4305 962 4370 Quare
980 4323 1058 4375 graue
1081 4308 1109 4361 in
1128 4325 1186 4362 aere
1209 4315 1235 4362 et
1257 4311 1327 4378 ignis
1351 4313 1379 4364 in
1397 4314 1552 4369 humiditate

198 4400 320 4455 subsistit
426 4396 442 4449 5
471 4399 497 4448 et
513 4395 562 4447 hoc
580 4395 666 4463 ipsum
685 4393 741 4462 etc]
759 4394 849 4446 excidit
860 4396 976 4462 sortasse
995 4395 1143 4461 nescioqnid.
1249 4397 1265 4449 8
1292 4398 1403 4468 aterra]
1423 4414 1439 4452 a
1457 4401 1498 4451 dcl
1517 4402 1553 4454 θ’

197 4488 213 4542 9
239 4487 374 4558 proiicitur
394 4483 431 4536 0²
533 4499 622 4549 praem
634 4483 699 4546 sort.
717 4479 766 4555 οὺχ
784 4480 871 4554 ὁρᾶται
888 4500 913 4534 τι
930 4482 956 4533 ἐν
974 4484 1013 4551 τῷ
1031 4479 1085 4553 ἀέρι
1102 4481 1131 4535 τὸ
1149 4481 1285 4554 δυνάμενον
1305 4485 1379 4559 βάρος
1396 4506 1420 4540 τι
1438 4486 1454 4559 ἡ
1472 4490 1554 4563 πάχος

200 4571 380 4643 Ιιποβαστᾶζειν
489 4569 520 4622 16
545 4566 659 4637 quoque]
678 4586 740 4634 quae
758 4581 890 4635 sequumm
908 4570 1008 4639 scripsit
1026 4587 1110 4620 manaa
1128 4570 1207 4621 altera
1226 4574 1250 4623 in
1271 4574 1294 4624 (l
1403 4576 1432 4627 l'l
1458 4590 1553 4629 conne-

168 4723 169 4726 ,
200 4660 345 4713 bulationis
366 4657 400 4710 G¹
494 4656 525 4708 18
542 4654 585 4724 ut]
604 4657 673 4708 sicut
692 4655 728 4707 0¹
816 4655 849 4708 22
868 4656 1003 4709 cuiusdam
1024 4657 1058 4708 0¹
1148 4657 1181 4711 23
1199 4660 1304 4712 resistet
1321 4665 1347 4714 et
1365 4662 1553 4732 deprehendat]

197 4765 288 4815 pram
301 4747 367 4811 sorr.
386 4745 530 4812 ἀντιστῆναι
548 4744 592 4795 καὶ
610 4750 745 4813 κατασχεῖν
851 4744 1084 4813 depraehendatG
1190 4746 1223 4798 26
1248 4759 1304 4812 post
1321 4747 1429 4803 iuferius
1448 4752 1553 4817 quinque

196 4835 243 4886 litt.
264 4852 328 4885 eras.
350 4833 373 4883 0
392 4832 490 4900 (fuisse
509 4833 602 4882 vitietur
621 4830 718 4896 autern)
825 4831 858 4884 29
886 4833 996 4884 interius
1014 4831 1088 4901 con-J
1107 4849 1168 4902 quae
1186 4845 1316 4902 aequantur
1333 4854 1408 4902 usque
1427 4838 1462 4888 ad
1478 4854 1552 4890 aura

198 4923 259 4993 ipsa
273 4940 302 4989 p.
313 4920 395 4976 8524
414 4921 583 4973 desiderantur
602 4921 625 4970 in
647 4921 668 4969 ll
681 4919 758 4986 soliis
776 4930 801 4970 ut
820 4919 913 4971 uidetur
931 4931 983 4972 octo
1001 4922 1101 4974 amissis
1205 4920 1239 4978 32
1259 4922 1394 4978 dehomum
1412 4924 1446 4978 Η
1454 4926 1553 4996 poesin
