3510 5610
196 296 235 359 16
379 295 630 348 ARISTOPHANIS
649 293 831 346 HISTORIAE
851 293 1044 346 ANIMALIUM
1064 293 1211 346 EPITOME
1231 293 1241 345 1
1260 292 1370 345 58-61

247 466 296 530 καί
323 467 497 552 πνεύματος·
532 468 552 550 ἡ
574 466 628 551 γὰρ
651 465 760 530 τοότων
783 466 853 549 μίξις
875 466 974 549 λευκή.
1055 464 1127 549 (58)
1153 465 1291 548 ἀντιλέγει
1313 465 1346 528 δὲ
1367 465 1416 527 καὶ
1437 466 1497 533 τοῖς
1509 470 1543 528 28

248 568 363 652 λέγουσι
385 571 418 633 τδ
441 569 555 654 σπέρμα
578 569 725 653 σύντηγμα
746 567 832 631 εἶναι·
860 567 964 651 ἀλογον
983 569 1046 652 γάρ,
1070 567 1171 653 ἐπειδὴ
1193 572 1274 632 πάσα
1296 567 1426 652 σόντηΕις
1440 571 1498 630 τῶν
1511 585 1538 627 ετ

248 673 328 757 παρὰ
350 674 444 759 φύσιν,
467 675 499 738 ἐκ
522 675 555 737 δὲ
577 677 634 737 τῶν
658 672 736 756 παρὰ
758 671 842 756 φύσιν
865 676 940 757 ζῷον
964 669 1018 734 οὐκ
1034 669 1068 733 ἀν
1089 670 1209 754 γένοιτο.
1254 671 1368 753 συνάγει
1390 667 1440 733 οὖν
1462 671 1495 734 τδ

165 828 171 835 .
250 775 365 861 σπέρμα
387 778 439 860 τὴν
462 778 514 860 μὲν
530 776 628 840 οὐσίαν
651 774 681 843 ἐξ
704 775 806 844 ὕδατος
827 775 876 837 καὶ
899 773 1070 856 πνεύματος,
1093 775 1144 857 τἠν
1167 775 1199 838 δέ
1221 773 1329 857 γένεσιν
1351 773 1500 858 εἰληφέναι

221 878 283 943 οέκ
308 883 522 964 περιττώματος
544 879 692 964 χρησίμης
714 882 823 962 τροφῆς
844 882 896 961 τῆς
918 877 1055 962 ἐσχάτης.
1100 876 1214 962 ἐσχάτη
1237 877 1269 940 δέ
1294 879 1375 961 ημῖν,
1402 877 1499 961 φησίν,
1513 894 1540 936 ετ

249 984 311 1048 ἐστὶ
333 984 425 1068 τρυφὴ
449 983 482 1045 τὸ
498 982 580 1065 αἷμα,
603 981 680 1045 ὥστε
702 981 735 1043 ἐκ
756 985 808 1064 τῆς
830 981 985 1064 αἱματικῆς
1006 985 1116 1065 τροφῆς
1138 985 1191 1065 τῆς
1212 980 1243 1043 ἐν
1263 984 1305 1065 τῷ
1323 980 1498 1066 σονδυασμῷ

248 1084 425 1168 ταττομένης
453 1086 513 1148 καὶ.
529 1084 773 1170 μεταβεβληκυίας
800 1083 833 1146 τὸ
861 1083 986 1168 σπέρμα.
1035 1084 1079 1147 διὸ
1106 1084 1155 1147 καὶ
1183 1084 1310 1168 μεγαλην
1337 1082 1408 1146 αὐτὸ
1435 1082 1499 1169 ἔχει

249 1188 377 1271 δόναμιν.
451 1187 523 1272 (59)
544 1187 695 1273 ἐχομένως
716 1188 828 1273 ἀπορεῖ,
852 1186 972 1271 πότερον
995 1183 1044 1270 ἀφ’
1064 1185 1132 1250 ὅλου
1155 1191 1206 1250 τοῦ
1229 1187 1398 1270 σώματοςὴ
1414 1210 1500 1250 κατα·

252 1292 324 1375 βολὴ
351 1291 452 1355 τούτου
480 1291 500 1374 ἢ
523 1291 581 1353 ἀπὸ
605 1290 721 1376 μέρους,
749 1291 797 1354 καὶ
823 1290 882 1353 ἀπὸ
903 1292 954 1352 τοῦ
981 1287 1099 1374 ἄρρενος
1128 1289 1218 1373 μόνου
1249 1290 1339 1373 ἢκαὶ
1361 1290 1419 1353 ἀπὸ
1447 1295 1500 1374 τῆς

209 1410 236 1454 ιο
249 1394 383 1479 θηλείας,
417 1395 464 1457 καὶ
498 1395 530 1456 τδ
563 1392 630 1456 ὅλον
659 1394 685 1455 εί
714 1394 907 1478 συμβαλλεται
939 1393 971 1454 τδ
999 1392 1075 1476 θῆλυ
1103 1394 1175 1462 πὸς
1207 1394 1260 1476 τὴν
1294 1393 1450 1478 ζῳογονίαν
1479 1392 1541 1475 ἣεο

249 1496 294 1562 οὕ.
373 1497 445 1581 (60)
471 1495 528 1581 οὐχ
551 1496 617 1560 ὅλον
640 1495 692 1581 ἀφ’
714 1497 782 1560 ὅλου
805 1493 922 1577 εὔλογον
950 1493 1100 1579 φέρεσθαι.
1126 1416 1236 1580 ἓχρῆν
1258 1497 1327 1580 γάρ,
1354 1494 1435 1579 εἴπερ
1462 1494 1498 1580 ἧν
1511 1505 1544 1562 27

250 1600 301 1686 ἀφ’
329 1600 398 1664 ὅλου
420 1602 440 1684 ἡ
463 1601 549 1685 φορά,
573 1601 614 1683 μὴ
636 1597 747 1683 ἀθρόαν
769 1599 822 1682 τἠν
844 1599 951 1681 ἡδονὴν
974 1597 1203 1681 παρακολουθεῖν
1226 1600 1307 1682 ημῖν,
1329 1598 1405 1662 ἀλλὰ
1426 1600 1500 1664 κατὰ

198 1721 254 1764 nur
269 1703 355 1789 μέρος
377 1706 418 1772 ώς
440 1704 487 1766 καὶ
511 1701 651 1787 συνέρρει·
677 1700 681 1787 1
706 1702 763 1765 ἀπὸ
786 1702 839 1784 γάρ
861 1723 935 1769 τινος
958 1702 1073 1783 πρώτου
1096 1702 1144 1764 καὶ
1166 1700 1303 1785 δευτέρου
1325 1704 1405 1786 φιλεῖ
1417 1701 1499 1788 φέρε-

253 1808 333 1881 σθαι,
354 1808 424 1889 ἡμῖν
447 1807 479 1869 δὲ
501 1805 608 1888 ἀδηλον
628 1807 732 1890 γίνεται
756 1804 803 1867 διὰ
824 1804 877 1886 τὴν
899 1802 1058 1887 παχύτητα.
1095 1805 1144 1868 καὶ
1165 1802 1217 1881 ἔτι,
1240 1802 1271 1867 εί
1288 1828 1324 1880 τι,
1346 1805 1443 1889 φασίν,
1467 1806 1500 1869 ἐκ

210 1927 236 1973 15
250 1912 412 1974 διεστώτων
434 1909 505 1991 ημῖν
523 1913 618 1993 μερῶν
642 1909 835 1994 ἐνεχθησεται
857 1905 876 1988 ἢ
899 1905 932 1968 ἐκ
955 1911 1103 1991 συνεχῶν·
1135 1908 1183 1970 καὶ
1205 1907 1231 1971 εί
1254 1908 1306 1991 μὲν
1329 1908 1363 1971 ἐκ
1384 1909 1500 1971 διεστώ-

251 2037 307 2078 των
330 2012 533 2097 ἐνεχθήσεται,
555 2015 618 2081 πῶς
641 2013 758 2096 ζήσεται
782 2010 822 2093 μὴ
846 2008 965 2093 συνεχὲς
987 2007 1035 2090 ἀν;
1060 2009 1087 2071 εἰ
1107 2011 1139 2073 δὲ
1161 2012 1281 2096 συνεχὲς
1303 2008 1398 2090 ἔξεισι,
1423 2016 1499 2097 ζῷον

250 2117 285 2181 ἀν
307 2116 343 2201 ἧν
366 2115 398 2179 τδ
421 2113 579 2200 φερόμενον
607 2113 717 2198 μικρόν,
745 2111 779 2176 οδ
809 2114 849 2195 μὴ
877 2109 1031 2194 γενομένου
1057 2111 1112 2174 οίικ
1134 2110 1168 2174 ἀν
1194 2111 1325 2197 λέγοιμεν
1347 2111 1400 2197 ἀφ’
1429 2115 1498 2178 ὅλου

249 2219 390 2306 φέρεσθαι
416 2219 449 2282 τδ
474 2217 598 2303 σπέρμα.
681 2217 752 2301 (61)
779 2220 885 2301 χρῆται
908 2215 940 2278 δὲ
961 2215 1009 2278 καὶ
1031 2213 1130 2284 ἀλλοις
1151 2214 1262 2279 πλείοσι
1286 2219 1499 2301 συλλογισμοῖς.

200 2518 211 2569 l
236 2511 365 2584 ἀντιλέγει]
385 2515 466 2567 Arist.
479 2530 566 2583 gener.
579 2515 658 2566 anim.
671 2510 693 2565 A
706 2513 737 2565 18
756 2530 781 2581 p.
795 2510 903 2564 724b34
927 2511 950 2563 ο1
972 2511 1016 2578 μὲν
1036 2509 1079 2563 οὖν
1101 2511 1199 2581 ἀρχαῖοι
1222 2511 1329 2564 ἐοίκασιν
1352 2512 1473 2579 οἰομένοις
1495 2512 1555 2566 εἶναι

196 2603 336 2674 σίνιηγμα·
360 2601 390 2655 τὸ
409 2603 455 2672 γάρ
473 2601 521 2655 ἀπὸ
540 2601 630 2659 παντὸς
648 2601 744 2653 ἀπιέναι
763 2603 837 2671 φάναι
855 2598 895 2651 διά
916 2599 961 2668 τὴν
985 2595 1126 2668 θερμότητα
1149 2599 1195 2668 τὴν
1218 2599 1267 2652 ἀπὸ
1289 2604 1335 2669 τῆς
1357 2601 1477 2670 κινήσεως
1499 2617 1553 2653 συν-

196 2693 323 2763 πίγγματος
342 2690 394 2760 ἔχει
413 2689 522 2758 δδναμιν.
554 2690 585 2742 τὰ
603 2688 629 2741 δὲ
647 2688 807 2758 συντηγματα
825 2693 877 2739 τῶν
895 2687 962 2756 παρὰ
980 2685 1052 2756 φύσιν
1070 2706 1107 2751 τι,
1129 2687 1158 2738 ἐκ
1181 2687 1208 2739 δέ
1230 2693 1282 2741 τῶν
1304 2690 1371 2757 παρὰ
1389 2688 1461 2758 φάσιν
1479 2687 1553 2742 οὺθέν

196 2781 286 2850 γίνεται
298 2784 350 2830 τῶν
367 2779 432 2831 κατά
451 2776 530 2847 φύσιν.
561 2777 657 2846 ἀνάγκη
676 2775 723 2844 ἀρα
737 2777 880 2846 περίττωμα
898 2774 970 2827 εἶναι’
995 2774 1058 2826 ἀλλά
1077 2774 1127 2844 μὴν
1141 2776 1284 2845 περίττωμά
1296 2793 1323 2845 γε
1336 2782 1384 2827 πᾶν
1396 2776 1412 2846 ἧ
1426 2777 1553 2847 ἀχρήστου

197 2870 290 2937 τροφῆς
309 2867 373 2918 ἐστιν
391 2864 407 2936 ἢ
426 2865 568 2936 χρησίμης.
582 2900 589 2913 .
603 2900 610 2913 .
623 2864 746 2935 χρησίμου
765 2864 812 2933 ἀρα
831 2863 1018 2933 περιττώματος
1036 2865 1110 2932 μέρος
1127 2862 1151 2914 τί
1170 2862 1220 2914 ἐστι
1238 2862 1267 2915 τὸ
1286 2864 1391 2933 σπέρμα.
1423 2865 1553 2935 χρησιμώ-

196 2973 271 3007 τατον
289 2955 315 3007 δέ
333 2953 362 3006 τὸ
381 2953 487 3023 ἐσχατον
505 2954 548 3006 καὶ
561 2951 587 3013 ἐξ
606 2950 634 3005 οὗ
653 2951 701 3022 ἤδη
720 2953 810 3021 γίνεται
829 2950 933 3003 ἕκαστον
1038 2950 1054 3003 5
1073 2949 1179 3020 ἐσχάτη]
1200 2951 1280 3003 Arist.
1293 2967 1379 3019 gener.
1394 2954 1472 3005 anim.
1487 2950 1509 3005 A
1522 2954 1552 3005 19

196 3059 222 3111 p.
233 3041 320 3094 726bl
344 3039 382 3093 ὅτι
400 3043 444 3109 μέν
463 3040 506 3094 οὖν
524 3041 588 3094 ἐστιν
607 3041 699 3110 ἐσχάτη
718 3040 798 3110 τροφὴ
818 3039 846 3091 τὸ
863 3038 924 3106 αἷμα
942 3045 993 3096 τοῖς
1011 3039 1127 3106 ἐναίμοις,
1145 3044 1195 3096 τοῖς
1213 3037 1232 3090 δ’
1248 3039 1359 3106 ἀναίμοις
1377 3040 1406 3092 τὸ
1426 3040 1553 3109 ἀνάλογον,

197 3130 291 3201 εἴρηται
309 3129 442 3200 πρότερον·
467 3129 520 3182 ἐπεὶ
538 3128 564 3180 δέ
583 3129 626 3180 καὶ
644 3129 660 3198 ἡ
677 3129 737 3197 γονὴ
756 3126 900 3195 περίττωμά
918 3127 969 3178 ἐστι
987 3130 1081 3196 τροφῆς
1103 3126 1145 3178 καί
1163 3130 1209 3195 τῆς
1227 3126 1347 3197 ἐσχάτης,
1370 3127 1426 3196 ἦτοι
1444 3128 1505 3196 αἷμα
1523 3128 1554 3181 ἀν

196 3218 233 3290 ιίη
252 3217 268 3288 ἡ
288 3216 316 3271 τὸ
335 3216 453 3285 ἀνάλογον
471 3216 487 3287 η
508 3218 537 3269 ἐκ
555 3214 651 3268 τοίντων
669 3234 700 3268 τι.
734 3216 787 3268 ἐπεὶ
810 3213 874 3267 δ’ἐκ
896 3219 940 3266 τοῦ
963 3214 1067 3282 αἵματος
1084 3215 1235 3281 πεττομένου
1257 3214 1300 3264 καὶ
1321 3214 1480 3284 μεριζομένου
1498 3234 1554 3275 πως

196 3307 287 3377 γίνεται
309 3311 360 3357 τῶν
383 3306 477 3374 μορίων
501 3305 618 3367 ἕκαστον,
640 3303 669 3356 τὸ
688 3302 714 3355 δέ
733 3303 830 3370 σπέρμα
848 3300 941 3372 πεφθέν
960 3303 1005 3367 μέν
1028 3301 1183 3370 ἀλλοιότερον
1202 3301 1359 3371 ἀποκρίνεται
1377 3306 1421 3354 τοῦ
1440 3302 1553 3371 αἵματος,

196 3394 306 3447 ἀπέπταν
324 3391 343 3445 δ’
358 3391 395 3458 όν,
413 3395 456 3446 καὶ
475 3391 533 3444 όταν
546 3410 582 3450 τις
600 3390 777 3460 προσβιάζητοιι
790 3389 920 3448 πλεονάκις
933 3389 1062 3461 χρώμενος
1075 3393 1112 3459 τιγῑ
1125 3388 1310 3459 ἀφροδισιάζειν,
1330 3389 1401 3447 ἐνίοις
1413 3390 1554 3459 αἱματῶδες

197 3483 245 3553 ἤδη
265 3477 442 3551 προελήλυθεν,
460 3480 565 3549 φανερὸν
584 3478 621 3531 ὅτι
638 3483 684 3548 τῆς
702 3479 835 3547 αἱματικῆς
854 3476 938 3547 ἀνείη
958 3478 1101 3547 περίττωμα
1120 3481 1214 3548 τροφῆς
1232 3476 1260 3528 τὸ
1279 3477 1384 3545 σπέρμα,
1406 3483 1451 3548 τῆς
1470 3479 1504 3537 είς
1521 3481 1554 3532 τὰ

197 3570 261 3640 μέρη
279 3566 448 3636 διαδιδομένης
466 3566 614 3625 τελευταίας.
644 3567 687 3618 καί
705 3565 744 3617 διά
761 3570 835 3618 τοῦτο
854 3565 963 3635 μεγάλην
982 3566 1034 3636 ἔχει
1052 3564 1153 3634 δάναμιν
1268 3568 1284 3620 8
1309 3569 1436 3637 ἐχομένως
1455 3568 1553 3636 ἀπορεῖ]

197 3657 279 3709 Arist.
292 3672 379 3724 gener.
392 3655 470 3706 anim.
484 3651 506 3706 A
521 3655 552 3706 17
571 3671 596 3722 p.
610 3653 717 3705 721232
743 3651 808 3705 ὥστε
825 3658 899 3705 τοῦτο
919 3651 1075 3722 θεωρητέον,
1099 3653 1201 3725 πότερον
1223 3659 1301 3708 πάντα
1326 3657 1435 3725 προΐεται
1456 3656 1554 3725 σπέρμα

196 3745 228 3797 τὰ
246 3743 335 3813 ἄρρενα
353 3742 369 3811 ἢ
389 3742 417 3795 οίι
437 3745 529 3806 πάντα,
552 3743 595 3795 καί
613 3741 634 3794 εί
652 3741 688 3810 μὴ
707 3741 799 3803 πάντα,
822 3740 861 3793 διά
879 3739 925 3794 τίν’
941 3742 1020 3793 αίπίαν
1043 3743 1074 3794 τά
1093 3743 1138 3811 μὲν
1156 3744 1187 3794 τά
1205 3742 1224 3794 δ’
1241 3740 1283 3795 οὗ·
1309 3746 1352 3799 καί
1375 3746 1406 3797 τὰ
1429 3742 1508 3814 θήλεα
1527 3743 1553 3796 δέ

197 3832 300 3903 πότερον
318 3829 484 3900 συμβάλλεται
498 3831 594 3899 σπέρμα
606 3847 630 3881 τι
648 3828 663 3898 ἢ
679 3826 716 3892 οδ,
735 3831 777 3881 καί
791 3829 860 3898 τίμὴ
874 3830 979 3900 σπέρμα,
998 3829 1101 3901 πότερον
1116 3829 1166 3882 οὐδ’
1179 3831 1239 3883 ἀλλο
1259 3828 1339 3895 οὐδέν,
1357 3832 1373 3903 η
1388 3832 1554 3902 συμβώλεται

197 3922 242 3989 μέν
260 3939 298 3983 τι,
321 3919 350 3972 οὐ
373 3920 469 3989 σπέρμα
488 3918 514 3970 δέ
528 3953 535 3966 .
549 3917 623 3968 ..1³7
646 3916 681 3969 διὸ
700 3921 743 3968 τοῦ
763 3916 839 3969 αὺτοῦ
859 3915 934 3985 λόγου
953 3918 1016 3981 ἐστί,
1040 3917 1142 3989 πότερον
1165 3921 1208 3971 καί
1231 3917 1260 3970 τὸ
1284 3917 1348 3988 θῆλυ
1370 3921 1413 3972 καὶ
1434 3920 1462 3972 τὸ
1480 3920 1554 3992 ἀρρεν

197 4009 306 4077 προίεται
324 4008 402 4076 ἄμφω
421 4005 437 4077 ἢ
457 4004 560 4076 θάτερον
577 4005 665 4074 μόνον,
686 4005 729 4056 καὶ
748 4004 852 4075 πότερον
875 4005 923 4057 ἀπὸ
946 4006 1037 4065 παντὸς
1055 4006 1189 4075 ἀπέρχεται
1206 4010 1251 4057 τοῦ
1270 4005 1386 4072 σώματος
1403 4005 1420 4077 ἡ
1440 4007 1486 4059 οδκ
1505 4009 1553 4061 ἀπὸ
1613 4050 1618 4059 .

197 4095 287 4153 παντός
430 4094 459 4146 11
487 4094 535 4165 οὐχ
553 4092 622 4159 ὅλον]
642 4094 721 4146 An'st.
735 4109 820 4161 gener.
833 4093 912 4144 anim.
926 4090 947 4145 A
960 4093 992 4144 17
1011 4110 1036 4162 p.
1049 4093 1157 4146 7211213
1181 4093 1232 4145 ἐστι
1250 4093 1276 4145 δέ
1295 4094 1396 4163 σχεδόν,
1416 4095 1450 4154 οἶς
1468 4095 1499 4147 ἀν
1516 4114 1553 4153 τις

196 4183 317 4252 χρήσαιτο
330 4183 472 4253 τεκμηρίοις
492 4183 527 4242 ώς
546 4181 586 4252 ἀφ’
599 4183 705 4234 ἐκάστου
723 4186 775 4233 τών
793 4181 886 4251 μορίων
905 4181 1019 4239 ἀπιόντος
1035 4185 1078 4232 τοῦ
1097 4182 1245 4251 σπέρματος,
1263 4184 1377 4253 τέτταρα,
1396 4184 1554 4252 πρῶτονμὲν

196 4252 213 4322 A
232 4269 370 4340 σφοδρότης
387 4274 433 4338 της
451 4267 549 4338 ἡδονῆς.
580 4268 612 4320 cf.
632 4285 717 4338 gener.
731 4269 810 4319 anim.
823 4267 846 4321 A
859 4268 890 4320 18
909 4286 934 4337 p.
948 4268 1055 4321 7231232
1199 4268 1229 4320 13
1255 4269 1303 4322 άπὸ
1325 4272 1369 4338 γάρ
1388 4269 1463 4338 τινος]
1484 4272 1553 4324 unde

197 4355 279 4410 haec?
393 4358 423 4409 14
447 4356 489 4409 καὶ
508 4355 556 4422 ἔτι]
575 4357 655 4409 Arist.
668 4372 754 4425 gener.
768 4356 848 4408 anim.
862 4353 884 4409 A
899 4356 930 4408 18
947 4372 973 4424 p.
988 4354 1078 4408 7221>ss
1101 4355 1137 4408 έτι
1155 4357 1176 4408 εί
1194 4357 1238 4424 μὲν
1257 4357 1421 4426 διεσπασμένα
1439 4359 1471 4411 τὰ
1489 4360 1552 4428 μέρη

198 4444 279 4515 ἐντῷ
298 4446 427 4515 σπέρματι,
445 4452 500 4505 πῶς
518 4446 562 4516 (ης
586 4444 607 4497 εί
624 4443 650 4496 δέ
669 4448 768 4515 συνεχῆ,
787 4445 851 4515 ζῴον
870 4443 954 4512 ἀνείη
974 4444 1062 4514 μικρόν

199 4703 214 4756 2
234 4703 360 4773 σίντηγμα
380 4707 447 4758 Rose
465 4722 497 4758 ex
516 4702 669 4757 Aristdtele:
694 4703 830 4774 σώμπηγμα
849 4704 868 4756 Ρ
957 4704 974 4755 4
993 4703 1092 4775 εἴληφεν
1110 4705 1223 4757 malebat
1241 4704 1345 4773 Sauppe
1434 4706 1449 4757 7
1468 4724 1554 4759 πεττο-

199 4794 275 4861 μίνης
292 4793 335 4843 καὶ
351 4792 565 4863 μεταβεβληκυίας
584 4793 690 4860 scripsi:
712 4793 872 4862 πεμπομένης
890 4793 933 4844 καὶ
952 4792 1148 4862 μεταβεβηκυίας
1163 4795 1181 4845 P
1288 4792 1304 4844 8
1323 4792 1364 4862 ἀφ’
1382 4796 1459 4846 Rose:
1477 4793 1517 4864 bp'
1535 4796 1553 4847 Ρ

203 4880 234 4931 10
259 4879 446 4948 συμβάλεταιΡ
574 4881 604 4932 1-1
629 4879 758 4951 ταχδτητα
777 4882 894 4948 Sauppe:
919 4879 1051 4948 παχδτητα
1069 4880 1088 4931 Ρ
