3510 5610
202 305 239 368 12
379 304 631 357 ARISTOPHANIS
651 304 835 356 HISTORIAE
855 303 1045 358 ANIMALIUM
1065 305 1212 364 ΕΡΙΤΟΜΕ
1232 307 1242 358 Ι
1260 305 1372 358 43-45

334 478 405 562 (43)
427 477 493 542 Τῶν
511 477 543 539 δὲ
558 477 796 563 ὀστρακοδέρμων
812 476 895 541 οὐδέν
911 476 977 541 ούτε
994 477 1093 562 ὀχεύει
1107 477 1174 542 οὔτε
1189 479 1334 564 ὀχεύεται,
1351 483 1391 549 ὡς
1406 483 1498 564 προεῖ-
1511 488 1546 545 24

252 603 315 655 πον,
336 578 395 644 ἀλλ’
413 583 442 644 αἱ
459 581 510 664 μὲν
527 581 670 666 πορφύραι
685 582 790 666 ἀφιᾶσί
803 604 829 643 τι
844 579 874 649 ἐξ
889 580 984 642 αύτῶν
1000 580 1041 648 είς
1055 586 1119 664 γῆν,
1140 580 1169 650 ἐξ
1189 581 1223 645 ού
1246 583 1295 645 καὶ
1317 588 1370 666 τῆς
1391 589 1444 666 γῆς
1465 583 1529 646 τάε

251 684 395 768 πορφύρια
410 685 527 767 γίνεται·
551 683 587 747 τόι
602 683 627 746 δ’
644 683 717 747 αὐτὰ
735 685 782 746 καλ
799 684 835 747 τὰ
850 682 925 746 ἄλλα
941 684 1157 768 ὀστρακόδερμα
1172 688 1301 748 πλεῖστα.
1356 686 1428 768 (44)
1444 688 1499 750 εἰσί

252 787 284 848 δὲ
306 792 363 850 τῶν
386 791 541 872 πορφυρῶν
557 788 586 850 αἱ
602 788 653 870 μὲν
671 788 791 870 μεγάλαι
806 787 835 849 ἐν
852 790 912 855 τοῖς
927 786 1044 855 κόλποις
1060 787 1089 849 αἱ
1104 787 1136 848 τδ
1159 786 1248 856 ἄνθος
1263 787 1351 870 μέλαν
1367 786 1498 874 ἔχουσαι,

224 891 280 952 σαὶ
303 891 335 953 δὲ
357 891 386 953 ἐν
407 895 467 959 τοῖς
488 891 627 972 αἰγιαλοῖς
648 888 795 972 γινόμεναι
818 889 923 974 μικραί,
946 889 976 951 αἳ
991 889 1023 951 τό
1046 888 1136 957 ἄνθος
1158 889 1281 974 ἐρυθρὸν
1304 889 1420 976 ἔχουσι·
1452 894 1499 955 καί
1599 879 1601 882 ’

250 995 279 1056 αἱ
304 994 355 1077 μέν
377 992 560 1079 προσβόρειοι
581 992 676 1056 αὐτῶν
700 991 832 1073 με’λαιναί
851 991 936 1071 εἰσιν,
963 993 993 1054 αἱ
1016 992 1048 1054 δὲ
1070 990 1157 1055 νότιοι
1178 993 1311 1078 ἐρυθραί,
1338 997 1386 1058 καὶ
1413 995 1500 1058 πλέον
1515 1015 1542 1056 ιο

254 1097 306 1179 μὲν
322 1094 423 1181 ἔχουσι
438 1098 470 1160 τὸ
486 1096 574 1165 ἄνθος
589 1098 619 1159 αἱ
636 1097 732 1181 μικραὶ
754 1097 802 1159 καὶ
817 1095 889 1170 νέαι,
912 1092 1030 1157 ἔλαττον
1052 1094 1084 1157 δὲ
1106 1095 1136 1157 αἱ
1160 1098 1280 1179 μεγάλαι
1303 1098 1351 1160 καὶ
1373 1102 1499 1163 παλαιαί.

253 1203 343 1262 πᾶσαι
373 1199 405 1262 δὲ
434 1196 536 1284 ἔχουσι
564 1201 597 1262 τδ
627 1198 715 1267 ἄνθος
744 1198 804 1261 ἄνω
834 1199 905 1281 πρός
935 1200 978 1282 τῷ
1010 1200 1151 1283 τραχήλῳ
1182 1200 1230 1261 καὶ
1261 1200 1500 1285 ἀποθνησκουσαι

252 1302 390 1384 ἀνεμοῦσι
411 1305 508 1364 τοῦτο·
538 1302 581 1365 διδ
605 1303 653 1365 καὶ
669 1302 876 1373 σπουδάζουσιν
892 1299 981 1369 αότάς
997 1301 1023 1363 οἱ
1039 1301 1258 1386 πορφυροβάφοι
1275 1304 1372 1374 ζώσας
1387 1304 1500 1368 κόπτειν

215 1421 241 1464 10
254 1407 317 1488 πρὶν
345 1405 364 1487 ἢ
391 1404 494 1487 ἐμέσαι
515 1404 548 1466 τὸ
571 1403 673 1479 ἄνθος,
701 1405 749 1466 καὶ
771 1404 954 1467 ἀποτίθενται
980 1402 1021 1471 εἰς
1047 1404 1179 1487 κεράμια.
1224 1405 1387 1469 ἁλίσκονται
1414 1409 1445 1470 δέ
1470 1413 1500 1473 αἱ
1516 1427 1542 1468 ιε

251 1507 394 1592 πορφύραι
421 1505 519 1591 ἔαρος,
550 1507 606 1570 ύπδ
634 1507 706 1571 κύνα
733 1508 765 1570 δὲ
794 1506 828 1569 οό
856 1505 997 1596 δύνανται.
1048 1509 1086 1588 (ᾖ
1113 1507 1145 1568 δέ
1172 1507 1191 1589 ἡ
1221 1507 1353 1592 πορφύρα
1381 1507 1432 1594 ἔτη
1460 1512 1500 1590 ἕξ,

251 1612 338 1695 δῆλον
369 1610 402 1673 δέ
430 1614 515 1673 τοῦτο
545 1610 648 1692 γίνεται
676 1613 721 1705 τῇ.
747 1610 812 1694 περὶ
842 1610 874 1671 τδ
905 1605 1044 1692 ὄστρακον
1074 1608 1160 1672 ἕλικι·
1194 1611 1269 1674 κατὰ
1296 1611 1350 1695 γὰρ
1380 1610 1500 1677 ἕκαστον

250 1714 377 1777 ένιαυτδν
408 1713 472 1797 μίαν
503 1711 585 1776 ἕλικα
614 1717 790 1797 προσκτᾶται
820 1711 906 1797 μέχρι
936 1715 993 1773 τῶν
1021 1710 1059 1779 ἕξ.
1137 1712 1209 1795 (45)
1236 1713 1272 1776 τά
1299 1714 1331 1776 δὲ
1360 1715 1501 1800 λεγόμενα

251 1816 422 1901 λιμνόστρεα
449 1816 479 1879 ἐν
505 1821 547 1899 τῷ
572 1815 704 1902 βορβόρῳ
727 1816 841 1899 γίνεται,
869 1816 898 1877 αί
921 1814 954 1877 δὲ
976 1814 1132 1898 πελωρίδες
1160 1815 1189 1877 έν
1213 1821 1250 1900 τῇ
1273 1815 1375 1901 ἄμμῳ,
1402 1821 1500 1903 σωλὴν

196 1976 252 1983 ,-.--

201 2057 211 2107 1
237 2062 290 2108 τῶν
308 2055 334 2107 δέ
353 2053 571 2124 ὀστρακοδέρμων]
591 2053 671 2106 Arist.
685 2054 746 2105 hist,
759 2054 838 2105 enim.
853 2048 873 2103 E
889 2050 919 2103 15
939 2067 964 2118 p.
977 2049 1085 2103 546b16
1110 2052 1152 2102 καὶ
1171 2059 1270 2120 πρῶτον
1289 2055 1344 2124 περὶ
1365 2062 1416 2107 τῶν
1435 2056 1554 2126 ὀστρακο-

197 2143 307 2213 δέρμων·
331 2146 405 2195 τοῦτο
424 2144 470 2212 γάρ
489 2143 553 2194 ἐστιν
571 2141 704 2211 ἀνόχευτον
722 2141 797 2209 μόνον
816 2137 851 2196 ώς
869 2138 943 2190 εἰπεῖν
962 2136 1019 2189 ὀλσν
1037 2138 1065 2190 τό
1085 2138 1161 2206 γένος.
1195 2139 1221 2191 αλ
1238 2141 1283 2207 μέν
1306 2140 1349 2192 σύν
1368 2143 1491 2215 πορφύραι
1509 2150 1554 2197 τοῦ

197 2230 268 2299 ἔαρος
287 2229 503 2301 συναθροιζόμεναι
516 2231 549 2288 είς
567 2228 644 2282 ταότό
664 2233 760 2281 ποιοῦσι
777 2229 823 2298 τὴν
842 2226 998 2293 καλουμένην
1017 2225 1162 2295 μελίκηραν.
1189 2231 1263 2279 τοῦτο
1281 2226 1378 2281 δ’ἐστὶν
1396 2231 1446 2283 οίαν
1459 2233 1555 2302 κηρίον,

196 2317 261 2387 πλὴν
280 2318 327 2387 οόχ
346 2315 413 2369 οὕτω
432 2316 569 2387 γλαφυρόν,
587 2315 640 2369 ἀλλ’
655 2315 740 2386 ὥσπερ
759 2315 789 2367 ἀν
806 2316 827 2367 εί
846 2315 875 2367 έκ
894 2313 1015 2382 λεπυρίων
1034 2311 1168 2382 ἐρεβίνθων
1186 2313 1284 2367 λευκῶν
1303 2316 1382 2369 πολλὰ
1401 2322 1554 2390 συμπαγείη·

196 2405 244 2457 οθκ
257 2405 310 2475 ἔχει
323 2405 342 2456 δ’
354 2407 508 2475 ἀνεῳγμένον
527 2405 601 2475 πόρον
621 2403 693 2456 οὐθέν
705 2402 810 2466 τούτων,
829 2401 885 2454 οὐδὲ
903 2401 1010 2469 γίνονται
1023 2400 1052 2451 έκ
1064 2400 1159 2452 τούτων
1178 2401 1203 2452 αἱ
1219 2401 1351 2473 πορφύραι,
1370 2405 1433 2459 ἀλλά
1451 2406 1555 2476 φύονται

151 2541 154 2548 ,
173 2555 180 2567 ι
196 2494 239 2545 καὶ
262 2491 334 2545 αύται
357 2494 400 2544 καί
421 2492 500 2544 τάλλα
520 2493 552 2544 τά
574 2492 758 2563 ὀστρακόδερμα
781 2488 806 2550 ἐξ
826 2488 892 2547 ίλύυς
914 2490 957 2541 καὶ
976 2488 1140 2557 συασήψειυς.
1154 2526 1161 2539 .
1175 2527 1182 2540 .
1196 2490 1280 2557 ἀφιᾶσι
1298 2492 1344 2560 γὰρ
1363 2494 1489 2563 ἀρχόμενα
1508 2514 1555 2565 κη-

197 2581 286 2650 ριάζειν
304 2580 468 2651 γλισχρότητα
487 2578 600 2648 μυξώδη,
619 2577 644 2638 έξ
663 2577 693 2648 ἧς
711 2580 742 2630 τά
760 2578 900 2648 λεπυριώδη
921 2577 1068 2629 συνίσταται.
1098 2578 1238 2644 ταῦταμὲν
1256 2576 1298 2629 οὖν
1318 2578 1414 2633 ἅπαντα
1427 2581 1556 2651 διαχεῖται,

196 2668 282 2737 ἀφίησι
305 2667 354 2720 δύ
376 2669 441 2738 εἶχεν
466 2668 499 2726 είς
521 2667 567 2736 τὴν
590 2671 648 2736 γῆν·
673 2667 717 2717 καὶ
740 2667 765 2718 έν
787 2665 870 2734 τούτῳ
893 2669 931 2733 τῷ
949 2665 1018 2735 τόπῳ
1037 2665 1127 2733 γίνεται
1146 2665 1171 2716 έν
1189 2668 1222 2734 εγ)
1240 2669 1274 2735 γη·
1292 2669 1413 2720 συστάντα
1431 2669 1555 2740 πορφύρια

196 2758 282 2827 μικρά,
299 2755 315 2807 ἀ
328 2755 428 2825 ἔχουσαι
441 2754 583 2807 ἁλίσκονται
595 2754 620 2805 αἱ
632 2753 755 2823 πορφύραι
772 2752 812 2805 ἐπ’
825 2753 909 2823 αύτιῑιν
1018 2751 1034 2804 3
1053 2752 1084 2803 τὰ
1103 2750 1122 2803 δ’
1135 2751 1209 2819 αύτά]
1229 2753 1310 2805 Arist.
1323 2755 1383 2807 hist.
1397 2758 1476 2808 anim.
1489 2754 1510 2809 Ε
1524 2757 1554 2809 15

196 2859 222 2910 ρ.
235 2842 343 2895 547b18
365 2842 431 2900 όλως
449 2841 475 2894 δέ
494 2844 574 2893 πάντα
592 2843 623 2894 τά
641 2841 789 2912 ὀστρακώδη
809 2841 900 2909 γίνεται
918 2841 961 2892 καὶ
979 2839 1108 2908 αότόματα
1127 2841 1152 2892 έν
1171 2847 1201 2909 ιη’
1222 2839 1271 2892 ίλύῖ
1389 2843 1442 2895 3.4
1464 2844 1510 2897 είσλ
1528 2844 1554 2896 δέ

197 2937 249 2984 τῶν
267 2930 413 3000 πορφυρῶν]
433 2930 513 2982 Arist.
527 2930 587 2981 hist.
600 2931 679 2982 enim.
693 2925 714 2980 E
729 2928 759 2981 15
778 2945 803 2996 p.
814 2927 864 2981 547
872 2929 904 2979 ν4
926 2928 971 2979 είσλ
989 2928 1015 2980 δέ
1033 2933 1085 2979 τῶν
1104 2933 1238 2996 πορφυρῶν
1256 2930 1314 2999 γένη
1328 2929 1414 2996 πλείω,
1432 2932 1475 2983 καλ
1494 2931 1555 2983 ένιαι

197 3019 243 3087 μέν
261 3017 378 3087 μεγάλαι,
401 3017 451 3070 οίον
470 3015 495 3069 αἱ
513 3017 568 3086 περὶ
585 3015 614 3068 τό
634 3013 726 3084 Σίγειον
745 3016 787 3067 καὶ
805 3015 914 3079 Λεκτόν,
935 3015 962 3066 α1
981 3015 1007 3067 δέ
1026 3016 1125 3083 μικραί,
1147 3017 1197 3069 οἷον
1216 3019 1241 3070 ἐν
1259 3023 1297 3088 τῳ
1315 3017 1418 3090 Εύρίπῳ
1437 3019 1554 3089 καὶπερὶ

195 3106 242 3176 τὴν
260 3102 370 3174 Καρίαν,
392 3106 435 3156 καί
458 3104 483 3157 αλ
506 3104 551 3173 μέν
574 3105 600 3156 έν
622 3110 672 3161 τοῖς
695 3103 796 3162 κόλποις
819 3103 923 3172 μεγάλαι
946 3104 989 3154 καὶ
1011 3111 1135 3173 τραχεῖαι,
1157 3107 1200 3157 καὶ
1222 3107 1251 3158 τὸ
1270 3106 1344 3166 ἄνθος
1362 3107 1446 3160 αύτῶν
1465 3107 1490 3158 αἱ
1509 3108 1554 3175 μέν

196 3193 306 3247 πλεῖσται
325 3193 402 3260 μέλαν
421 3192 527 3263 ἔχουσιν,
546 3191 606 3243 ἔνιαι
624 3191 642 3243 δ’
656 3189 759 3261 ἐρυθρόν
777 3193 821 3243 καὶ
838 3192 940 3261 μικρόν·
965 3191 1071 3260 γίνονται
1089 3190 1108 3242 δ’
1121 3192 1182 3244 ἔνιαι
1199 3201 1251 3246 τῶν
1264 3195 1379 3264 μεγαλων
1397 3196 1440 3247 καὶ
1457 3202 1553 3262 μναῖαι·

196 3281 222 3333 αλ
239 3279 259 3333 δ’
275 3282 301 3333 έν
318 3287 369 3339 τοῖς
387 3279 504 3350 αἰγιαλοῖς
522 3281 635 3350 καὶπερὶ
652 3280 696 3337 τὰς
715 3280 792 3337 ἀκτὰς
810 3279 898 3346 τὸμὲν
917 3277 1020 3348 μέγεθος
1038 3279 1144 3347 γίνονται
1162 3282 1255 3349 μικραί,
1273 3281 1303 3334 τό
1322 3281 1341 3334 δ’
1356 3282 1430 3340 ἄνθος
1450 3282 1553 3353 ἐρυθρόν

196 3367 302 3440 θχουσιν.
334 3369 370 3421 ἔτι
388 3368 407 3420 δ’
423 3369 448 3421 έν
467 3369 511 3435 μέν
529 3373 580 3424 τοῖς
597 3366 764 3437 προσβορείοις
782 3367 903 3436 μέλαιναι,
922 3368 947 3418 έν
965 3365 990 3419 δέ
1005 3373 1056 3424 τοῖς
1073 3367 1160 3425 νοτίοις
1180 3367 1280 3439 ἐρυθραὶ
1292 3368 1328 3428 ὡς
1341 3371 1380 3421 ἐπὶ
1398 3370 1426 3421 τό
1440 3369 1553 3422 πλεῖστον

196 3459 271 3511 εἰπεῖν
405 3454 421 3506 6
446 3456 489 3507 καὶ
510 3454 595 3520 πλέον]
618 3471 699 3520 nove3
722 3456 792 3524 apud
810 3453 974 3507 Aristotelem
996 3469 1049 3505 non
1071 3455 1242 3506 inveniuntur
1377 3457 1393 3508 8
1418 3458 1503 3526 ἔχουσι
1524 3457 1553 3509 τό

196 3543 283 3613 ἄνθος]
303 3532 382 3596 Arist.
397 3544 457 3595 hist.
472 3539 585 3595 anim.E
601 3540 631 3594 15
650 3558 676 3610 p.
686 3541 793 3595 547215
812 3542 839 3594 τὸ
857 3539 876 3593 δ’
893 3538 967 3599 ἄνθος
985 3541 1082 3610 ἔχουσιν
1101 3542 1147 3594 ἀνά
1160 3543 1234 3610 μέσον
1252 3546 1297 3611 της
1310 3543 1428 3612 μήκωνος
1447 3546 1489 3597 καὶ
1508 3550 1553 3597 τοῦ

195 3631 324 3702 τραχήλου
438 3632 482 3682 καὶ
499 3628 713 3699 ἀποθνήσκουσαι]
733 3631 812 3681 Arist.
826 3630 886 3682 hist.
899 3629 978 3681 enim.
993 3625 1013 3680 Ε
1028 3628 1059 3681 15
1078 3646 1103 3697 ρ.
1116 3628 1224 3681 547826
1248 3629 1408 3692 σπουδάζουσι
1426 3632 1452 3684 δέ
1471 3632 1553 3693 ζώσας

195 3721 308 3773 κόπτειν·
333 3719 376 3772 έάν
394 3719 439 3788 γάρ
458 3717 576 3788 πρότερον
595 3715 718 3786 ἀποθάνη,
736 3715 860 3785 συνεξεμεῖ
876 3715 905 3768 τό
925 3713 1010 3774 ἄνθος·
1035 3715 1071 3768 διὸ
1090 3716 1133 3767 καί
1152 3715 1315 3785 φυλάττουσιν
1334 3719 1427 3777 ἐντοῖς
1446 3719 1553 3788 κύρτοις,

196 3807 244 3867 έως
263 3807 292 3860 δν
310 3805 445 3876 ἀθροίσωσι
466 3806 508 3857 καὶ
530 3805 684 3876 σχολάοωσιν
828 3803 860 3856 10
884 3802 1037 3872 ἁλίσκονται]
1057 3804 1138 3856 Arist.
1151 3804 1212 3856 hist.
1226 3807 1304 3856 anim.
1318 3801 1338 3856 Ε
1353 3804 1383 3857 15
1405 3823 1431 3874 p.
1444 3807 1553 3859 547a13

195 3895 338 3948 ἁλίσκονται
355 3893 381 3946 δέ
399 3897 443 3945 τοῦ
462 3892 541 3962 ἔαρος,
560 3891 618 3944 όταν
636 3893 798 3963 κηριάζωσιν·
822 3890 871 3943 ύπό
889 3890 952 3943 κύνα
970 3889 989 3942 δ’
1005 3891 1053 3961 ούχ
1071 3892 1213 3944 ἁλίσκονται
1354 3891 1383 3943 11
1410 3890 1453 3960 ζη]
1472 3893 1553 3944 Arist.

84 3976 86 3980 ⁸
196 3983 257 4035 hist.
270 3983 349 4034 anim.
363 3977 385 4033 E
399 3981 430 4034 15
448 3997 473 4048 p.
487 3980 577 4033 547129
601 3982 632 4051 ζγῙ
650 3982 696 4051 γὰρ
715 3981 730 4050 ἡ
750 3978 864 4049 πορφύρα
882 3980 937 4046 περλ
955 3979 998 4047 έτη
1019 3977 1052 4043 έξ,
1071 3980 1113 4031 καί
1132 3978 1188 4032 καθ’
1204 3979 1308 4032 ἕκαστον
1330 3979 1440 4032 ἐνιαυτὸν
1459 3983 1553 4049 φανερά

196 4071 260 4122 έστιν
278 4069 294 4138 η
313 4066 414 4139 αύξησις
431 4075 482 4126 τοῖς
499 4067 647 4138 διαστήμασι
664 4075 715 4126 τοῖς
733 4067 759 4119 έν
777 4070 814 4137 τῷ
833 4066 948 4135 ὀστράκῳ
966 4071 1012 4135 τῆς
1030 4065 1111 4125 ἕλικος
1241 4068 1272 4119 14
1296 4066 1452 4135 λιμνόστρεα]
1473 4068 1553 4120 Arist.

195 4158 256 4210 hist.
269 4157 348 4209 anim.
361 4152 383 4208 E
396 4154 427 4208 15
445 4172 470 4223 ρ.
483 4154 590 4208 547111
612 4157 643 4208 τὰ
661 4155 686 4207 δέ
705 4155 850 4225 λιμνόστρεα
869 4153 1081 4224 (ν.1.λιμόστρεα
1099 4155 1263 4219 Pencapa)
1282 4152 1423 4223 καλούμενα
1441 4153 1504 4207 ὀπυυ
1523 4154 1553 4207 ἀν

196 4243 316 4316 βόρβορος
338 4240 368 4315 γ),
391 4240 499 4295 ἐνταῦθα
521 4243 660 4296 συνίσταται
682 4249 782 4313 πρῶτον
804 4241 888 4294 αὐτῶν
911 4241 927 4311 η
952 4242 1026 4312 ἀρχή.
1057 4241 1082 4292 αἱ
1100 4240 1126 4293 δέ
1145 4242 1236 4312 κόγχαι
1259 4243 1302 4294 καὶ
1325 4242 1350 4293 αἱ
1368 4247 1449 4311 χῆμαι
1467 4244 1511 4294 καὶ
1530 4243 1552 4294 ολ

196 4331 305 4402 σωλῆνες
330 4331 372 4382 καὶ
395 4330 417 4383 οἱ
440 4331 523 4390 κτένες
546 4331 571 4383 έν
594 4337 645 4388 τοῖς
666 4330 795 4399 ἀμμώδεσι
817 4329 968 4398 λαμβάνουσι
989 4330 1036 4398 τὴν
1059 4327 1173 4380 σύστασιν
1313 4329 1456 4400 πελωρίδες)
1482 4331 1553 4398 apud

196 4420 359 4472 Athenaeum
376 4418 412 4470 111
431 4435 456 4486 p.
469 4417 555 4482 em
573 4417 722 4488 πελωριάδες
745 4417 922 4485 appellantur,
945 4417 990 4469 sed
1008 4416 1040 4469 ef.
1056 4416 1121 4469 Poll.
1132 4417 1166 4469 VI
1180 4415 1213 4469 63
1232 4418 1275 4469 καί
1294 4418 1384 4488 κόγχαι
1405 4415 1551 4487 11ελωριναί,

195 4504 252 4559 ὀθιν
270 4505 330 4565 ίσιυς
348 4506 391 4558 καὶ
409 4504 435 4557 αἱ
452 4509 494 4557 νῦν
513 4503 664 4575 καλούμεναι
682 4502 815 4575 πελωρίδες
835 4500 1018 4574 ὠνομάσθησαν

199 4713 250 4766 1.2
272 4713 307 4772 ώς
325 4712 451 4784 προεῖπον]
471 4729 549 4781 ευριπ
567 4714 611 4782 ξύ
712 4711 727 4763 2
751 4710 835 4764 αύτῶν
853 4712 957 4780 scripsi:
980 4711 1064 4764 αότῶν
1082 4713 1101 4765 Ρ
1200 4713 1242 4764 καὶ
1260 4715 1306 4781 τῆς
1324 4715 1370 4781 γῆς
1387 4713 1420 4764 P:
1444 4672 1553 4767 sonasse

196 4802 262 4854 κατὰ
280 4801 343 4871 γῆςά
455 4799 615 4872 3πορφύρια
632 4802 714 4853 Rose:
737 4800 888 4869 πορφυράΡ
1000 4799 1100 4853 πλεῖστα
1118 4802 1151 4853 P:
1174 4804 1294 4868 expectes
1312 4801 1391 4851 πάντα
1499 4800 1553 4854 θίσλ

196 4905 279 4943 errore
296 4888 502 4942 rubricatorisP
608 4887 675 4940 8δέ
694 4886 790 4951 (sic)P
851 4869 856 4903 ¹
900 4887 930 4939 14
953 4887 1100 4959 λιμνόστρια
1119 4889 1199 4940 Rose:
1223 4886 1392 4957 λιμόστρεαΡ
