3510 5610
197 275 239 341 42
372 272 625 331 ARISTOPHANIS
643 276 825 331 HISTORIAE
844 276 1037 334 ANIMALIUM
1055 279 1203 334 EPITOME
1221 280 1245 334 II
1262 279 1375 335 32-37

250 447 313 509 δέό
330 449 382 533 μέν
397 447 487 533 άρρην
503 449 679 535 είκοσαετής,
698 453 718 535 ἡ
735 452 767 514 δέ
781 452 887 538 θήλεια
901 455 1237 540 τεσσαρεσκαιδεκαετής.
1302 454 1374 538 (33)
1396 455 1496 540 δχεόει

250 551 283 614 δέ
305 551 321 614 δ
344 553 396 636 μὲν
416 550 506 639 ἄρρην
528 557 623 618 πᾶσαν
645 554 723 638 ὥραν
749 558 799 616 τοῦ
825 551 906 624 ἔτους
931 557 980 618 καὶ
1004 557 1024 639 ή
1047 556 1153 639 θήλεια
1178 557 1327 642 ὀχεύεται,
1353 554 1418 621 ἀλλ’
1439 558 1497 644 οὐχ

249 653 373 724 έστῶτές
394 656 464 719 είσιν
486 657 514 720 οί
536 656 633 741 χρόνοι
652 656 760 733 αὐτοῖς,
783 656 914 741 καθάπερ
936 660 1066 727 καὶτοῖς
1088 658 1184 728 ἄλλοις
1206 657 1307 744 ζῴοις·
1334 660 1496 745 ὁρμητικό-

250 757 379 841 τερέοιδ
401 758 470 823 είσιν
491 761 518 822 οί
539 759 641 844 μένρ
605 783 625 822 α
643 783 756 845 ρςιτενε
736 760 806 843 πρςδ
826 761 978 823 συνουσίαν
993 760 1079 822 ἐν’
1037 784 1079 885 τῷ
1103 767 1236 847 χειμῶνι,
1257 764 1288 827 αί
1310 763 1343 826 δὲ
1363 769 1497 847 γυναῖκες
1573 819 1576 822 ,

167 916 173 931 ,
222 864 291 944 οτῷ
314 860 403 946 θέρει.
480 861 552 945 (34)
579 862 678 947 χρόνοι
701 782 899 944 δὲίρστάμενοι
922 866 984 931 ταῖς
1005 863 1140 933 κυοόσαις
1161 866 1294 950 καθάπερ
1316 869 1376 936 τοῖς
1396 864 1497 935 ἄλλοις

251 960 338 1050 ζιμοις
360 963 414 1029 οὐκ
435 965 516 1041 εἰσίν,
539 963 599 1041 ἀλλ’
618 965 649 1028 αἱ
672 965 723 1046 μὲν
747 965 820 1028 έπτὰ
843 971 936 1049 μῆνας
953 967 1097 1050 κυήσασαι
1119 965 1227 1044 ἔτεκον,
1249 969 1280 1031 αί
1297 969 1330 1032 δὲ
1351 967 1443 1045 ἐννέα,
1465 968 1496 1031 αἱ

250 1068 283 1130 δὲ
304 1067 375 1131 δέκα
396 1071 513 1132 καὶτοῦ
535 1069 687 1132 ἑνδεκάτου
711 1068 782 1136 τινὲς
804 1068 993 1153 προσέλαβον.
1032 1067 1106 1153 ὅρος,
1120 1070 1152 1133 δὲ
1175 1075 1225 1133 τοῦ
1247 1076 1346 1154 γεννᾶν
1368 1075 1427 1140 τοῖς
1443 1070 1495 1154 μέν

249 1169 390 1253 ἀνδράσιν
410 1171 466 1241 ἕως
492 1173 669 1256 πεντήκοντα
697 1171 745 1233 καὶ
774 1169 912 1254 ἑξήκοντα
937 1171 1026 1247 ἐτῶν,
1055 1174 1164 1253 γυναικὶ
1192 1175 1225 1237 δέ
1252 1174 1310 1244 ἕως
1335 1173 1420 1236 πέντε
1446 1173 1496 1235 καὶ

249 1274 475 1357 τεσσαράκοντα·
513 1272 570 1358 ήδη
599 1274 650 1358 μέν
678 1270 727 1336 οὖν
758 1274 1001 1356 πεντηκονταετής
1026 1296 1068 1343 τις
1092 1275 1232 1359 γενομένη
1261 1274 1409 1360 συνέλαβε.

212 1376 320 1459 10(35)
347 1376 433 1440 τίκτει
456 1373 508 1460 μέν
531 1374 580 1440 οδν
602 1376 673 1459 γυνή
701 1376 748 1438 καὶ
771 1375 897 1459 τέσσαρα
924 1376 971 1438 καί
998 1375 1082 1439 πέντε
1108 1378 1241 1462 καθάπερ
1264 1377 1294 1440 έν
1313 1376 1454 1462 Ἀθήναις
1475 1377 1495 1460 ή

250 1483 373 1543 τεκοῦσα
394 1479 479 1542 πέντε
499 1479 605 1546 τόκους
627 1477 682 1541 ἀνὰ
704 1478 788 1541 πέντε
811 1477 939 1562 ἄρρενας.

332 1581 403 1665 (36)
434 1579 493 1646 Καὶ
516 1582 581 1665 περὶ
603 1580 653 1663 μέν
676 1582 808 1665 κυήσεως
834 1582 882 1645 καὶ
903 1578 1011 1665 χρόνου
1035 1582 1088 1646 οὐκ
1110 1583 1155 1646 ἀεὶ
1177 1583 1283 1661 οὕτως,
1309 1583 1375 1668 περί
1396 1583 1429 1646 δέ
1451 1582 1496 1646 ἐκ·

250 1683 354 1754 τέξεως
375 1686 423 1748 καί
446 1684 572 1767 διδύμων
594 1685 643 1747 καὶ
665 1686 834 1768 τερατωδῶν
856 1684 905 1746 καὶ
923 1688 986 1752 πῶς
1001 1683 1086 1768 ἄρρεν
1101 1685 1121 1768 ή
1138 1686 1215 1769 θῆλυ
1238 1687 1286 1750 καλ
1300 1686 1366 1770 περί
1387 1690 1496 1769 τροφῆς

250 1786 375 1872 βρέφους
396 1789 443 1850 καί
466 1787 720 1870 άπογαλακτίσεως
743 1787 790 1850 καὶ
812 1786 996 1870 καταμηνίων
1018 1787 1199 1873 ἐπισχέσεως
1225 1790 1273 1853 καὶ
1297 1789 1330 1852 τδ
1353 1788 1419 1851 ὅλον
1441 1792 1494 1870 τῆς

212 1905 236 1950 15
250 1893 300 1954 τοῦ
323 1889 487 1975 σπέρματος
508 1890 607 1958 οὐσίας
626 1890 675 1951 καί
688 1887 780 1952 πόθεν
803 1887 919 1974 φέρεται
940 1890 1014 1952 κατὰ
1028 1891 1060 1953 τδ
1077 1891 1181 1954 οἰκεῖον
1204 1891 1292 1975 ἐντῷ
1315 1891 1371 1976 πρὸ
1393 1889 1495 1953 τούτου

252 1993 426 2076 συντάγματι
448 1992 669 2076 καταριθμήσας
691 1990 842 2076 ἑξεθέμην.

331 2094 403 2179 (37)
430 2091 513 2158 Ἔστι
536 2095 605 2157 δὲό
632 2093 786 2178 ἅνθρωπος
812 2095 860 2157 καί
888 2096 1016 2180 μονήρης
1043 2096 1091 2159 καί
1119 2094 1372 2178 συναγελαστικός·
1406 2094 1496 2178 ἑπαμ·

249 2202 406 2285 φοτερίζειν
432 2197 486 2281 γὰρ
514 2196 639 2260 δύναται.
684 2196 762 2279 λέγοι
789 2195 814 2260 δ’
838 2196 873 2261 άν
899 2221 942 2267 τις
967 2199 1015 2261 καὶ
1041 2197 1127 2262 αὐτὸν
1154 2199 1289 2284 ἀμφῷιον
1317 2197 1399 2262 είναι.
1447 2199 1495 2261 καὶ

247 2302 300 2386 γὰρ
328 2301 358 2364 έν
383 2305 428 2385 τῷ
454 2299 531 2385 Εηρῷ
560 2300 609 2362 καὶ
634 2300 713 2386 ὑγρῷ
746 2301 824 2385 παρὰ
851 2300 938 2385 μέρος
965 2300 1035 2365 εἰσὶν
1062 2301 1090 2365 οἳ
1117 2303 1279 2364 διαιτῶνται
1304 2301 1436 2385 καθάπερ
1464 2299 1495 2363 έν

208 2422 235 2467 νυ
249 2405 387 2491 Αίγόππιρ
409 2404 457 2467 καί
480 2402 510 2465 ἐν
533 2406 650 2472 πολλοῖς
672 2404 782 2472 τόποις·
817 2402 928 2487 ἡμέρας
950 2404 1002 2486 μὲν
1024 2403 1077 2488 γὰρ
1099 2404 1129 2467 έν
1151 2408 1195 2490 τῷ
1220 2404 1315 2490 ὑγρῷ,
1341 2404 1441 2472 νυκτδς
1463 2403 1497 2466 δέ

198 2686 210 2735 l
236 2680 330 2752 όχείιει]
352 2681 432 2733 Arist.
449 2681 511 2732 hist.
527 2681 606 2732 anim.
622 2676 671 2732 E9
692 2697 718 2749 p.
731 2680 839 2734 542219
864 2680 928 2753 ὧραι
949 2681 976 2734 δέ
1000 2682 1043 2733 καί
1065 2680 1159 2751 ἡλικίαι
1181 2685 1228 2751 τῆς
1250 2680 1334 2750 όχείας
1355 2682 1468 2740 έκάστοις
1491 2681 1550 2734 είσὶν

195 2771 329 2842 ὡρισμέναι
348 2774 400 2821 τῶν
423 2769 497 2838 (ῷων
509 2802 516 2816 .
530 2802 558 2816 ..
577 2768 610 2820 26
629 2766 760 2838 ἅνθρωπος
781 2768 807 2821 δὲ
829 2768 934 2837 μάλιστα
955 2773 1035 2820 πᾶσαν
1055 2766 1123 2838 ὥραν
1263 2769 1317 2822 3.4
1338 2767 1548 2840 δρμητικόιτερσι]

196 2857 275 2911 Arist.
292 2858 309 2910 l.
322 2873 344 2910 c.
357 2853 408 2909 Ε8
429 2872 454 2923 p.
467 2854 575 2908 542232
603 2855 664 2925 ὀργᾷ
686 2855 713 2908 δέ
736 2855 796 2925 πρὸς
818 2857 866 2926 τήν
888 2855 985 2924 δμιλίαν
1009 2861 1060 2908 τῶν
1084 2853 1225 2926 ἀνθρώπων
1248 2856 1278 2910 τὸ
1301 2857 1346 2925 μέν
1368 2856 1440 2927 ἄρρεν
1463 2857 1489 2909 έν
1510 2859 1549 2925 τῷ

195 2952 300 3017 χειμῶνι
318 2943 420 3013 μᾶλλον,
437 2942 466 2995 τὸ
484 2942 510 2995 δὲ
527 2940 593 3012 θῆλυ
612 2944 692 3013 ἐντῷ
711 2941 777 3013 θέρει
894 2943 910 2996 5
934 2942 1029 3014 χρόνοι]
1049 2943 1128 2996 Arist.
1145 2944 1163 2996 λ.
1177 2959 1199 2996 c.
1213 2940 1265 2996 Η4
1285 2960 1311 3012 p.
1323 2943 1431 2997 584133
1453 2945 1486 2996 τὰ
1503 2945 1550 3010 μέν

196 3033 238 3087 οὖν
261 3031 324 3085 ἄλλα
347 3032 400 3101 ζῷα
423 3035 541 3100 μοναχῶς
563 3038 666 3083 ποιεῖται
685 3031 730 3100 τἠν
747 3036 792 3083 τοῦ
809 3030 887 3083 πόκου
904 3030 1040 3083 τελείωσιν·
1066 3030 1099 3089 τίς
1117 3032 1163 3101 γὰρ
1182 3029 1285 3101 ὥρισται
1302 3034 1347 3083 τοῦ
1364 3030 1442 3083 τόκου
1460 3031 1550 3102 χρόνος

195 3129 279 3175 πᾶσιν·
303 3117 430 3189 ἀνθρώπῳ
448 3116 474 3170 δέ
492 3116 579 3169 πολλοί
597 3118 665 3188 μόνῳ
683 3124 735 3170 τῶν
753 3118 839 3188 ζῷων·
863 3119 969 3188 καὶγὰρ
989 3118 1119 3187 ἑπτάμηνα
1140 3119 1184 3170 καλ
1202 3118 1333 3188 όκτάμηνα
1350 3119 1394 3171 καί
1412 3119 1549 3189 ἐννεάμηνα

195 3211 286 3280 γίνεται
303 3208 347 3260 καί
364 3206 492 3275 δεκάμηνα
503 3204 534 3257 τὸ
546 3203 671 3257 πλεῖστον·
693 3205 754 3258 ἔνιαι
772 3203 791 3257 δ’
804 3205 995 3275 ἐπιλαμβάνουσι
1013 3206 1112 3258 καὶτοῦ
1129 3204 1261 3259 ἑνδεκάτου
1280 3205 1358 3276 μηνός
1447 3206 1462 3257 7
1480 3205 1548 3278 δρας]

195 3297 277 3350 Arist.
293 3297 310 3349 l.
323 3313 346 3349 ο.
359 3292 411 3347 H5
429 3310 455 3362 p
468 3292 560 3346 585112
584 3291 687 3344 παίνεται
704 3294 731 3345 δέ
749 3299 802 3352 ταῖς
820 3291 911 3363 γυναιξὶ
932 3301 985 3351 ταῖς
1002 3295 1048 3362 μέν
1069 3293 1193 3351 πλείσταις
1209 3293 1246 3345 τά
1263 3294 1406 3364 καταμήνια
1423 3295 1550 3364 περίττε-

195 3386 336 3454 ταράκοντα
354 3382 407 3465 ἔτη,
425 3381 462 3439 αῖς
480 3379 500 3432 δ’
516 3379 545 3432 ἂν
563 3378 689 3450 δπερβάλη
708 3379 752 3432 τόν
770 3382 858 3453 χρόνον
870 3384 959 3433 τοῦτον
966 3380 1083 3520 δδιαμένει
1101 3382 1175 3451 μέχρι
1188 3387 1241 3432 τῶν
1254 3381 1410 3451 πεντήκοντα
1429 3382 1494 3434 έτῶν
1506 3382 1550 3434 καλ

196 3472 244 3542 ήδη
262 3472 325 3530 τινές
343 3470 441 3523 έτεκον·
466 3465 544 3520 πλείω
562 3466 588 3519 δέ
607 3467 696 3536 χρόνον
714 3467 823 3535 οίιδεμία.
860 3468 882 3520 οί
901 3466 952 3520 δΗ
935 3467 979 3520 ανδ
981 3486 1019 3537 ρες
1040 3468 1063 3520 σί
1084 3469 1129 3537 μέν
1150 3468 1259 3522 πλεῖστοι
1279 3476 1381 3538 γεννῶσι
1401 3470 1476 3538 μέχρι
1493 3448 1583 3538 έξή-

196 3578 273 3612 κοντα
291 3558 364 3622 έπῶν
382 3553 478 3609 ὅτανδ’
494 3554 620 3625 δπερβάλη
638 3560 726 3620 ταῦτα,
744 3557 819 3625 μέχρι
838 3553 1022 3624 ἑβδομήκοντα·
1044 3557 1087 3608 καὶ
1105 3555 1153 3626 ἤδη
1172 3558 1235 3615 τινές
1253 3558 1425 3627 γεγεννήκασιν
1442 3555 1550 3626 έβδομή-

196 3665 273 3700 κοντα
290 3646 355 3698 έτῶν
373 3644 449 3703 ὄντες.
476 3641 508 3696 cf.
524 3639 589 3695 E14
608 3642 752 3710 p.545b26
775 3645 845 3712 γεννᾷ
863 3642 883 3695 δ
899 3642 1030 3713 ἅνθρωπος
1048 3645 1093 3712 μέν
1110 3643 1139 3696 τὸ
1158 3644 1264 3714 ἔσχατον
1284 3646 1358 3714 μέχρι
1376 3643 1551 3714 ἑβδομήκοντα

196 3736 260 3789 έτιῖιν
278 3732 292 3787 δ
311 3733 401 3803 ἄρρην,
423 3725 484 3800 γυνὴ
505 3729 531 3782 δέ
555 3730 628 3799 μέχρι
649 3730 812 3799 πεντήκοντα.
847 3729 911 3782 άλλὰ
932 3736 1005 3783 τοῦτο
1024 3731 1069 3799 μέν
1087 3733 1198 3784 σπάνιον·
1222 3731 1312 3801 ὀλίγοις
1329 3732 1375 3801 γὰρ
1393 3737 1506 3800 γεννᾶται
1524 3731 1550 3784 έν

195 3821 297 3881 ταόταις
314 3828 368 3879 ταῖς
385 3819 491 3890 ἡλικίαις
509 3819 597 3870 τέκνα·
623 3816 658 3875 ὡς
676 3815 699 3869 δ’
714 3817 755 3869 έπλ
775 3817 804 3869 τό
826 3817 889 3870 πολὺ
910 3825 961 3876 τοῖς
985 3819 1029 3885 μὲν
1051 3821 1123 3870 πέντε
1147 3821 1190 3871 καὶ
1213 3816 1335 3888 ἑξήκοντα
1359 3817 1427 3888 όρος,
1448 3825 1503 3876 ταῖς
1523 3818 1550 3871 δέ

196 3912 269 3963 πέντε
287 3909 330 3961 καί
347 3908 530 3976 τετταράκοντα
649 3905 680 3958 10
702 3906 808 3973 τέσσαρα
826 3907 869 3957 καί
887 3904 970 3973 πέντε]
990 3907 1070 3959 Arist.
1086 3906 1103 3957 Ι.
1117 3923 1139 3958 υ.
1153 3903 1205 3959 Η4
1225 3922 1252 3975 p.
1264 3906 1370 3960 5841231
1395 3907 1506 3959 τίκτουσι
1523 3905 1550 3959 δέ

197 3998 240 4049 καλ
260 3997 315 4066 τρία
337 3996 380 4047 καλ
398 3996 504 4064 τέτταρα
518 4028 525 4042 .
538 4028 545 4042 .
559 4029 565 4042 .
578 3993 679 4046 πλείστα
699 3991 724 4045 δέ
744 3993 854 4045 τίκτεται
875 3994 947 4046 πέντε
967 3993 1009 4044 τὸν
1030 3991 1146 4062 ἀριθμόν·
1171 3993 1219 4063 ήδη
1241 3995 1287 4063 γὰρ
1309 3993 1391 4047 ὦπται
1411 3997 1486 4046 τοῦτο
1506 3995 1551 4046 καί

197 4085 237 4137 έπὶ
264 4083 384 4135 πλειόνων
411 4081 577 4151 συμβεβηκός.
617 4081 660 4149 μία
687 4079 714 4132 δέ
741 4098 777 4138 τις
805 4081 831 4132 ἐν
856 4082 968 4149 τέσσαρσι
991 4081 1076 4138 τόκοις
1100 4080 1183 4133 ἔτεκεν
1207 4081 1309 4135 είκοσιν·
1337 4082 1383 4133 άνολ
1406 4082 1480 4133 πέντε
1503 4081 1550 4151 γὰρ

199 4173 277 4235 ἔτεκε,
296 4170 383 4223 καὶτὰ
396 4168 571 4222 πολλὰαδτῶν
590 4166 719 4237 ἐξετράφη.
747 4167 779 4219 σί.
798 4167 887 4236 Antig.
901 4169 961 4221 hist.
975 4169 1064 4220 mirab.
1078 4167 1163 4222 CXIX
1180 4170 1298 4238 Phlegon
1314 4171 1345 4222 de
1363 4170 1453 4221 mirab.
1473 4184 1495 4221 c.
1507 4167 1550 4220 28.

197 4260 357 4312 Athenarum
381 4257 479 4309 mentio
502 4256 575 4308 nullo
598 4256 654 4308 loco
672 4255 810 4323 reperitur,
832 4272 900 4307 unus
918 4256 1021 4307 Plinius
1035 4256 1080 4308 Vll
1095 4255 1128 4307 33
1151 4272 1183 4308 οε
1202 4257 1287 4324 Trogo
1306 4257 1479 4325 Peloponnesi
1497 4271 1550 4308 ms·

198 4347 275 4400 mins
418 4344 506 4397 15.16
531 4344 557 4395 ιν
576 4349 614 4412 ιφ
635 4342 682 4412 πρὸ
702 4343 793 4396 ουτοι
814 4342 975 4411 συντάγματι]
995 4341 1142 4395 Ass-ss
1161 4346 1196 4411 (p.
1210 4342 1410 4409 ναι-νειῷ
1505 4329 1511 4341 “

200 4434 231 4487 17
250 4431 313 4500 ἔστι]
333 4433 413 4485 Arist.
426 4433 487 4485 hist.
499 4432 579 4484 anim.
592 4428 639 4483 Al
660 4446 686 4498 p.
697 4429 807 4483 4871134
825 4431 856 4483 τὰ
874 4430 977 4498 μὲνγὰρ
995 4428 1080 4482 αὐτῶν
1092 4431 1157 4483 ἐστιν
1175 4429 1275 4500 ἀγελαῖα
1293 4429 1363 4483 τὰδὲ
1375 4430 1498 4499 μοναδικέ
1507 4465 1515 4480 .
1525 4465 1550 4480 ..

198 4521 211 4574 δ
229 4519 248 4574 δ’
264 4518 395 4592 ἅνθρωπος
413 4518 602 4588 έπαμφοτερίζει

198 4680 594 4690 ,--.--.-.---η

198 4782 252 4835 23
270 4781 317 4835 οὐκ
337 4782 441 4838 έστιῑιτες
458 4780 556 4832 είσλνΙ)
645 4777 762 4837 3αδτσῖς
781 4779 885 4846 scripsi:
908 4778 1026 4849 αιίτήςΙ)
1114 4776 1335 4849 5καθαθάπερέ)
1424 4779 1550 4850 8ιττνπή-

198 4888 275 4931 κοντα
293 4870 330 4921 sic
349 4869 380 4935 l),
398 4867 507 4920 fortasse
526 4868 691 4923 scribendum
708 4867 781 4919 πέντε
800 4883 832 4919 ex
852 4867 931 4920 Arist.
948 4867 966 4920 l.
978 4881 1000 4919 υ.
1089 4866 1123 4920 20
1140 4866 1226 4924 τόποις
1245 4867 1349 4940 scripsi:
1373 4867 1472 4936 τρόποις
1489 4868 1512 4923 Ι)
