3510 5610
206 317 247 381 32
369 312 617 369 ARISTOPHANIS
637 312 821 366 HISTORIAE
840 311 1033 366 ANIMALIUII
1051 310 1199 365 EPITOIIE
1218 312 1229 365 I
1251 311 1395 366 ils-12⁷

341 487 433 570 (119)
460 485 552 551 Οὐδὲν
574 488 632 548 τῶν
653 482 780 565 ἐντόμων
802 480 887 568 ζῴων
903 481 969 548 ούτε
984 487 1136 570 σπλάγχνα
1151 482 1214 570 ἔχει
1229 482 1296 547 οὔτε
1311 485 1439 547 ἀναπνεῖ.
1515 491 1551 548 38

257 589 350 672 (120)
371 591 463 653 πάντα
484 590 520 652 τά
542 586 647 669 ἔντομα
669 588 717 650 καί
736 588 828 650 πάντα
847 587 883 651 τὰ
898 588 1074 673 κολεύπτερα
1088 589 1185 652 ἐλαίου
1200 587 1298 657 αὐτοῖς
1314 585 1531 671 ἑπιχεομένουσ

257 692 448 777 ἀποθνήσκει,
475 690 543 755 ὅθεν
571 691 618 753 καί
645 696 681 772 τῇ
710 691 833 774 ρελίσση
860 690 1005 774 πολέμιοι,
1034 692 1132 774 ώσπερ
1159 689 1253 765 είπον,
1282 690 1308 752 οἱ
1332 688 1504 773 μεμυρισμέ-

256 818 308 857 νοι.
384 794 475 878 (121)
497 794 533 856 τὰ
554 791 645 860 πύδας
667 794 707 876 μὴ
724 790 831 879 ἔχοντα
853 798 909 856 τῶν
926 792 1011 878 ζῳων
1026 793 1092 857 οὔτε
1108 792 1206 879 ὄρχεις
1221 790 1283 878 ἔχει
1306 789 1372 855 οὔτε
1394 790 1505 878 αὐχένα

229 895 322 960 σούτε
348 897 443 961 κύστιν
471 894 537 959 ούτε
565 894 708 980 βλέφαρα,
737 899 778 965 ώς
800 897 832 959 τδ
854 881 912 958 τῶν
936 894 1031 981 ὄφεων
1053 897 1101 959 καί
1126 896 1238 981 ἰχθύων
1260 899 1317 958 πᾶν
1338 894 1429 978 γένος.

257 1000 350 1083 (122)
378 1000 413 1063 τὰ
436 1003 635 1084 ζῳοτοκοδντα
657 998 753 1061 κύστιν
777 996 853 1083 ἔχει,
876 998 912 1061 τὰ
934 1000 967 1062 δὲ
989 997 1173 1083 ῳίοτοκυῦντα
1194 999 1247 1062 οὐκ
1269 995 1347 1083 ἔχει,
1369 999 1413 1061 διδ
1436 995 1504 1060 οὐδὲ
1517 1012 1545 1054 ιο

257 1103 345 1187 οδρεῖ.
425 1101 518 1184 (123)
544 1101 580 1164 τὰ
602 1103 752 1183 πιμελώδη
776 1106 841 1187 ζῷα
864 1101 1038 1186 ἀγονώτεροι.
1119 1101 1211 1184 (124)
1239 1099 1295 1165 ὅσα
1317 1101 1419 1186 τρίχας
1440 1098 1504 1186 ἔχει

255 1207 347 1269 πάντα
377 1208 518 1289 ζῳοτοκεῖ
550 1206 624 1290 πλήν
657 1227 740 1266 τινων
773 1204 939 1268 θαλασσίων
974 1205 1033 1267 οἷον
1066 1206 1197 1289 δελφῖνος
1230 1207 1332 1289 φώκης
1365 1205 1412 1268 καί
1445 1209 1503 1267 τῶν

256 1310 450 1393 σελαχωδῶν·
487 1311 576 1370 ταῦτα
605 1306 657 1389 γὰρ
689 1307 788 1391 τρίχας
816 1306 895 1393 (οὐκ)
924 1305 1030 1393 ἔχοντα
1058 1306 1140 1391 ὅμως
1170 1306 1232 1392 [οο]
1259 1310 1407 1391 ζῳοτοκεῖ.

215 1428 242 1473 10
254 1412 345 1495 (120)
367 1410 450 1474 οὐδὲν
473 1414 530 1473 τῶν
553 1409 791 1494 καρχαροδόντων
814 1409 878 1495 ἔχει
900 1409 995 1494 κέρας.
1071 1410 1163 1492 (126)
1186 1410 1221 1473 τὰ
1243 1409 1350 1494 ἄρσενα
1371 1413 1428 1471 τῶν
1451 1408 1503 1492 θη-

253 1519 338 1580 λειῶν
361 1514 451 1577 ἐνίοτε
472 1513 587 1582 πλείους
608 1509 672 1598 ἔχει
694 1511 821 1582 ὀδόντας.
903 1512 996 1597 (127»)
1023 1512 1117 1582 οὐδεὶς
1140 1512 1225 1598 ἰχθύς
1247 1516 1339 1589 λαλεῖ,
1362 1510 1449 1596 μόνος
1471 1512 1504 1574 δὲ
1518 1528 1544 1570 15

202 1731 214 1782 l
238 1728 320 1797 οἰνδδν]
341 1728 420 1780 Arist.
438 1728 469 1780 ds
487 1725 578 1794 spir.9
596 1742 621 1794 p.
634 1724 743 1778 475·29
767 1725 804 1779 ύτι
826 1725 845 1779 δ’
860 1727 908 1779 ούκ
930 1727 1032 1779 ἀναπνεῖ
1050 1728 1082 1780 τὰ
1102 1727 1193 1794 ίντομα
1211 1730 1263 1779 τῶν
1285 1727 1370 1796 ζῴων,
1394 1725 1488 1798 είρηται
1511 1729 1556 1796 μίν

199 1818 243 1870 καί
261 1817 388 1889 πρότερον.
418 1814 451 1867 cf.
469 1815 529 1867 hist.
543 1815 622 1866 anim.
634 1810 681 1865 09
702 1830 726 1881 p.
739 1812 830 1866 535b5
941 1814 1080 1884 σπλάγχνα]
1100 1815 1179 1866 Arist.
1193 1815 1253 1867 hist.
1266 1815 1346 1867 anIm.
1358 1810 1406 1865 Δῖ
1426 1831 1451 1883 ρ.
1463 1813 1555 1868 532127

199 1904 338 1975 σπλάγχνον
357 1903 375 1956 δ’
391 1902 461 1955 οἰιδὲν
480 1901 532 1971 ίχει
549 1907 601 1953 τῶν
619 1900 738 1952 τοιούτων
756 1900 812 1953 ούδί
831 1901 944 1972 πιμελήν,
964 1900 1047 1972 ὥσπερ
1066 1901 1115 1953 οὐδ’
1131 1901 1192 1952 ἄλλο
1210 1908 1262 1953 τῶν
1280 1903 1392 1969 ἀναίμων
1411 1901 1481 1954 οἰιδίν

179 1975 183 1981 ’
199 1991 215 2044 2
234 1990 326 2060 πάντα]
346 1992 424 2042 Arist.
437 1990 498 2042 hist.
511 1990 590 2042 anIm.
604 1985 624 2041 Θ
637 1987 671 2039 27
689 2005 715 2056 p.
728 1987 836 2041 605b19
857 1991 936 2042 πάντα
954 1990 980 2043 δὲ
998 1991 1031 2042 τὰ
1048 1989 1140 2057 ἔντομα
1158 1987 1311 2059 ἀποθνήσκει
1330 1989 1488 2058 ἐλαιούμενα·
1513 1992 1555 2043 τά-

199 2094 272 2149 χιστα
291 2078 321 2144 δ’,
343 2079 372 2129 ἄν
390 2096 426 2135 τις
444 2078 490 2146 τὴν
508 2074 620 2146 κεφαλὴν
639 2075 741 2144 ἀλείψας
759 2076 784 2127 ἐν
803 2080 841 2146 tq]
859 2075 922 2146 ἡλίῳ
940 2077 976 2147 θη
1113 2078 1130 2128 4
1152 2078 1184 2129 τά
1203 2076 1279 2135 πόδας
1298 2077 1333 2146 μὴ
1353 2077 1455 2147 ἔχοντα]
1474 2079 1555 2130 Arist.

198 2171 266 2233 part.
278 2168 358 2218 anim.
370 2161 390 2216 Δ
403 2163 434 2216 13
453 2179 478 2232 p.
491 2162 580 2216 69729
600 2162 681 2234 ἀρχεις
700 2162 719 2215 δ’
735 2163 813 2221 οἰιδείς
832 2165 883 2234 ἔχει
902 2162 974 2234 ίχθδς
992 2162 1046 2217 οὔτ’
1062 2164 1134 2222 ἐκτὸς
1152 2161 1206 2216 οὔτ’
1223 2164 1299 2228 ἐντός,
1318 2163 1367 2216 οὐδ’
1381 2164 1443 2217 ἄλλο
1460 2183 1484 2217 τι
1502 2172 1555 2218 τῶν

198 2253 300 2305 ἀπόδων
323 2251 407 2317 οὐδέν,
430 2251 467 2304 διὸ
490 2249 539 2303 οὔδ’
554 2251 577 2303 οἰ
600 2249 675 2319 όφεις.
711 2251 786 2319 πόρον
810 2250 836 2303 δὲ
858 2256 902 2303 τού
925 2253 1112 2321 περιττώματος
1133 2254 1177 2304 καί
1194 2258 1246 2305 τῶν
1264 2254 1319 2323 περὶ
1336 2253 1383 2322 τὴν
1401 2254 1493 2323 γένεσιν
1511 2252 1555 2305 τάν

198 2339 287 2404 αἰιτόν,
310 2339 423 2410 καθάπερ
442 2341 485 2391 καί
504 2337 582 2391 τάλλα
601 2337 702 2407 φύοτόκα
720 2340 800 2390 πάντα
819 2340 861 2390 καί
879 2339 1029 2408 τετράποδα,
1053 2338 1093 2391 διά
1110 2340 1138 2391 τὸ
1158 2338 1193 2408 μη
1215 2339 1280 2409 ἰχειν
1302 2339 1388 2392 κύστιν
1409 2339 1472 2410 μηδὲ
1492 2340 1555 2409 γίνι-

199 2425 257 2480 σθαι
274 2426 406 2496 περίττωμ’
422 2427 505 2485 αύτοῖς
523 2426 603 2497 ύγρόν.
634 2426 694 2479 εΗ
714 2442 740 2494 p.
754 2425 870 2478 676122.
897 2431 962 2495 part.
976 2429 1056 2480 anim.
1070 2423 1120 2479 1’3
1137 2444 1163 2495 p.
1177 2425 1283 2479 664219
1302 2425 1339 2479 διδ
1358 2428 1390 2479 τὰ
1408 2427 1443 2497 μὴ
1463 2426 1554 2497 ἔχοντα

198 2511 325 2583 πλεύμονα
346 2513 393 2565 οἰνκ
415 2512 513 2584 ἰχουσιν
534 2511 583 2566 οὐδ’
600 2512 708 2584 αύχίνα,
731 2512 781 2564 οίον
799 2512 827 2565 τδ
845 2520 897 2564 τῶν
917 2513 1013 2583 ἰχθύων
1031 2516 1108 2583 γένος.
1135 2512 1198 2567 111
1220 2530 1245 2583 p.
1258 2513 1366 2566 6911229
1389 2514 1480 2583 ἥκιστα
1501 2520 1553 2568 τῶν

197 2599 317 2653 τοιούτων
336 2600 349 2653 δ
368 2599 423 2670 ὄφις
441 2600 531 2661 δόξειεν
552 2601 581 2653 ἂν
600 2601 665 2671 ίχειν
685 2599 792 2671 αύχίνα,
814 2600 877 2653 ἀλλά
898 2601 927 2654 τὸ
951 2602 1069 2671 ἀνάλογον
1091 2606 1129 2672 τῷ
1152 2601 1246 2672 αἰνχίνι.
1274 2599 1343 2656 Βίθ
1361 2618 1386 2670 p.
1399 2600 1508 2655 657b29
1531 2601 1554 2653 οί

197 2687 217 2740 δ’
234 2686 321 2758 ἰχθύες
339 2690 382 2742 καί
400 2690 432 2741 τὰ
449 2689 541 2757 ἔντομα
559 2688 602 2739 καί
620 2690 651 2740 τὰ
669 2687 842 2758 σκληρόδερμα
860 2688 1008 2760 διαφέροντα
1026 2691 1071 2758 μὲν
1089 2689 1173 2760 ἔχουσι
1194 2691 1225 2742 τὰ
1248 2688 1362 2758 ὄμματα,
1387 2688 1509 2759 βλέφαρον
1531 2687 1551 2741 δ’

197 2774 268 2828 οἰιδίν
286 2774 370 2827 αύτῶν
388 2776 440 2847 ἔχει
546 2775 561 2827 6
580 2776 612 2827 τὰ
630 2775 814 2846 ζῳοτοκούντα]
835 2777 915 2828 ArIst.
928 2777 989 2829 hist.
1001 2779 1081 2830 anim.
1094 2774 1116 2830 B
1129 2778 1160 2830 16
1178 2793 1204 2846 p.
1215 2776 1324 2829 506b24
1345 2777 1448 2847 νιφροδς
1466 2775 1493 2829 δί
1510 2777 1553 2829 καί

198 2861 283 2915 κύστιν
306 2864 338 2915 τὰ
361 2864 405 2931 μὲν
428 2864 543 2933 ζῳοτόκα
565 2869 617 2915 τῶν
639 2863 798 2932 τετραπόδων
816 2862 889 2914 πάντ’
906 2863 970 2934 ἔχει·
995 2862 1040 2916 ἀσα
1058 2865 1084 2917 δὲ
1102 2868 1220 2936 ῳότοκεῖ,
1242 2871 1294 2917 τῶν
1312 2862 1356 2933 μὲν
1375 2863 1458 2916 ἀλλων
1477 2862 1553 2917 οἰιθίν

198 2949 250 3020 ἰχει
356 2950 371 3002 7
394 2951 426 3003 τὰ
444 2949 585 3020 πιμελώδη]
603 2951 685 3003 Arist.
698 2952 758 3003 hist.
770 2952 850 3003 anim.
865 2947 883 3003 Γ
899 2950 930 3003 18
951 2967 976 3018 p.
990 2951 1081 3004 5201>ss
1105 2953 1156 3005 ἔστι
1175 2953 1194 3004 δ’
1210 2952 1354 3023 ἀγονώτερα
1372 2953 1404 3004 τὰ
1422 2951 1552 3023 πιμελώδη

197 3039 241 3090 καί
259 3036 349 3107 ἄρρενα
367 3037 410 3091 καί
427 3035 508 3108 θήλεα
622 3037 667 3091 ὅσα
684 3039 771 3108 τρίχας
790 3037 853 3107 ἔχει]
873 3038 952 3090 Arist.
965 3054 1051 3107 gener.
1064 3041 1142 3091 anim.
1157 3037 1208 3092 λθ
1227 3056 1252 3107 p.
1266 3039 1373 3091 7181227
1397 3039 1448 3109 ἔχει
1466 3039 1492 3092 δὲ
1510 3041 1554 3092 καί

196 3124 230 3177 τὰ
252 3125 426 3193 ζῳοτοκοῖιντα
447 3125 508 3196 πρὸς
531 3125 627 3196 ἀλληλα
650 3125 777 3196 διαφοράν.
812 3126 845 3176 τὰ
867 3126 912 3193 μὲν
934 3126 979 3195 γὰρ
1001 3125 1030 3177 οἰι
1048 3125 1122 3194 μόνον
1138 3123 1228 3196 θύραζε
1247 3127 1368 3196 ζῳοτοκεῖ
1384 3126 1447 3179 ἀλλὰ
1465 3128 1509 3180 καί
1527 3127 1553 3180 ἰν

198 3210 293 3276 αὺτοῖς,
315 3211 366 3264 οίον
383 3210 512 3283 ἄνθρωποί
529 3231 556 3265 τε
574 3213 617 3265 καί
635 3211 705 3264 ίπιτοι
724 3213 767 3264 καί
785 3211 857 3271 κύνες
875 3214 918 3265 καί
936 3215 1016 3265 πάντα
1034 3213 1066 3265 τὰ
1083 3214 1170 3283 τρίχας
1188 3214 1290 3284 ίχοντα,
1314 3215 1357 3266 καί
1375 3221 1427 3266 τῶν
1444 3213 1553 3284 ἰνύδρων

198 3299 308 3368 δελφῖνός
327 3318 353 3352 τε
371 3301 415 3352 καί
433 3298 548 3368 φάλαιναι
566 3300 609 3351 καί
626 3301 775 3352 τὰτοιαῦτα
793 3300 868 3370 κητη.
899 3301 930 3352 τὰ
948 3300 974 3352 δὲ
992 3299 1084 3371 σελάχη
1104 3301 1146 3352 καί
1165 3301 1187 3353 οἱ
1205 3300 1270 3371 ἰχεις
1288 3298 1379 3371 θύραζε
1397 3304 1442 3369 μὲν
1461 3301 1554 3371 ζῳοτο-

198 3391 291 3453 κούσιν,
309 3388 335 3440 ἰν
353 3386 435 3446 αδτοῖς
453 3385 473 3439 δ’
489 3386 627 3455 ᾤοτοκοῖιοι
648 3393 756 3458 πρῶτον.
787 3386 820 3439 ef.
836 3388 896 3439 hist.
909 3389 989 3440 anim.
1003 3385 1053 3439 A5
1074 3404 1099 3456 ρ.
1112 3387 1220 3440 4891135
1244 3388 1357 3455 ζῳοτόκα
1377 3390 1422 3455 μίν
1441 3388 1492 3440 οἰον
1511 3390 1553 3441 ἀν-

198 3472 299 3546 θρωττος
318 3475 361 3526 καί
378 3474 452 3532 ίιτπος
470 3476 513 3527 καί
532 3474 608 3544 φώκη
626 3475 718 3526 καὶτὰ
736 3473 799 3526 ἀλλα
817 3472 862 3526 όσα
881 3474 932 3545 ίχει
950 3476 1044 3544 τρίχας,
1062 3477 1174 3528 καὶτῶν
1193 3474 1299 3544 ἐνύδρων
1317 3475 1349 3528 τὰ
1367 3474 1481 3545 κητώδη,
1502 3475 1553 3528 οίον

197 3561 288 3631 δελφίς,
305 3561 397 3613 καὶτὰ
415 3560 555 3629 καλούμενα
574 3561 665 3631 σελάχη
685 3560 717 3612 ef.
731 3561 793 3613 ibid.
807 3557 826 3612 Γ
839 3562 870 3612 10
887 3577 912 3629 p.
923 3561 1014 3614 517b4
1032 3563 1118 3632 τρίχας
1131 3564 1175 3630 μὲν
1193 3564 1244 3632 ἔχει
1262 3568 1313 3614 τῶν
1332 3546 1405 3632 ζῳων
1424 3561 1469 3614 ύσα
1487 3565 1553 3625 πεζὰ

176 3649 240 3712 ,καί
257 3648 371 3718 ζῳοτόκα
509 3649 541 3701 10
563 3648 633 3700 οὐδὲν
650 3654 702 3701 τῶν
721 3647 940 3718 καρχαροδόντων]
960 3650 1039 3702 Arist.
1052 3651 1111 3702 hist.
1125 3651 1204 3702 anim.
1217 3646 1263 3702 BI
1286 3666 1311 3718 p.
1325 3650 1431 3703 501219
1455 3650 1507 3720 ἅμα
1525 3652 1552 3705 δί

197 3736 360 3808 χαυλιόδοντα
376 3736 420 3788 καί
432 3735 507 3805 κόρας
525 3734 595 3788 ούδὲν
614 3736 666 3807 ίχει
679 3736 751 3807 ζῷον,
770 3735 826 3788 οἰιδὲ
844 3735 1016 3806 καρχαρόδουν
1034 3736 1077 3788 καί
1094 3735 1192 3788 τούτων
1209 3734 1313 3807 θάτερον
1402 3740 1433 3791 τὰ
1449 3739 1551 3810 ἄρσενα]

196 3824 278 3878 Αῐίυἰ.
289 3824 349 3876 hist.
362 3824 441 3876 anim.
454 3819 506 3875 B3
528 3839 553 3891 p.
566 3822 674 3876 501b19
698 3824 782 3893 ἔχουσι
802 3823 828 3876 δὲ
850 3822 947 3883 πλείους
968 3825 990 3875 οἰ
1012 3824 1109 3894 ἄρρενες
1131 3830 1182 3877 τῶν
1205 3822 1313 3893 θηλειῶν
1336 3824 1436 3884 ὀδόντας
1458 3829 1502 3879 καί
1526 3828 1552 3881 ἰν

196 3909 338 3983 ἀνθρώποις
355 3910 399 3963 καί
416 3911 457 3963 ἐπὶ
474 3910 607 3981 προβάτων
628 3912 671 3963 καί
692 3912 769 3980 αἰγῶν
788 3914 832 3964 καί
850 3910 914 3964 ύῶν·
940 3913 980 3964 ἐπὶ
998 3911 1023 3963 δὲ
1041 3917 1094 3963 τῶν
1112 3910 1196 3963 ἄλλων
1215 3912 1243 3964 ού
1261 3911 1417 3984 τεθεώρηταί
1434 3932 1475 3965 πω

199 4000 228 4051 11
254 3997 344 4067 ούδείς]
363 3999 443 4050 Arist.
456 3998 517 4050 hist.
530 3999 608 4050 anim.
621 3994 669 4049 Δ9
688 4014 713 4065 p.
726 3998 834 4051 535b14
856 3999 879 4051 οί
897 3998 916 4050 δ’
932 3998 1016 4068 ἰχθύες
1033 4000 1129 4069 ἄφωνοι
1148 4001 1193 4067 μέν
1208 4000 1266 4052 εἰσιν
1284 3997 1350 4063 (οὔτε
1367 4002 1412 4071 γὰρ
1426 3998 1551 4071 πνεύμονα

196 4083 253 4139 ούτε
272 4085 389 4157 ἀρτηρίαν
408 4086 451 4138 καί
469 4087 580 4157 φάρυγγα
599 4085 705 4155 ἔχουσι),
729 4085 824 4155 ψόφους
846 4085 873 4138 δί
890 4105 957 4145 τινας
978 4087 1062 4156 ἀφιᾶσι
1081 4089 1124 4139 καί
1142 4087 1258 4157 τριγμοδς
1276 4086 1318 4145 οθς
1336 4087 1433 4157 λέγουσι
1452 4098 1550 4160 φωνεῖν.

196 4173 291 4226 Athen.
304 4173 363 4226 VIII
376 4172 447 4225 331d
467 4169 584 4231 Μνασέας
605 4171 653 4224 δ’ὁ
672 4170 783 4241 Πατρεὺς
801 4174 826 4225 ἐν
844 4177 882 4243 τῷ
901 4171 1017 4244 Περίπλῳ
1036 4176 1093 4232 τοὺς
1111 4176 1136 4227 ίν
1153 4178 1192 4243 τῷ
1211 4171 1325 4245 Κλείτορι
1347 4184 1453 4246 ποταμῷ
1476 4180 1551 4249 φησίν

197 4259 268 4331 ίχθύς
291 4258 454 4330 φθέγγεσθαι,
476 4261 557 4313 καίτοι
579 4260 667 4328 μόνους
690 4259 816 4329 εἰρηκότος
836 4258 1015 4332 Ἀριστοτέλους
1033 4261 1182 4332 φθέγγεσθαι
1199 4264 1290 4331 σκάρον
1307 4264 1350 4315 καί
1368 4263 1411 4316 τὸν
1429 4267 1551 4334 ποτάμιον
1650 4325 1653 4330 .

197 4355 288 4419 χοῖρον.
319 4350 387 4403 Roso
405 4347 485 4400 Arist.
502 4347 669 4416 Pseudspigr.
690 4364 716 4416 p.
729 4347 779 4399 297

197 4474 200 4477 .
228 4473 596 4480 ---..—-—-..——

199 4544 210 4595 l
232 4543 359 4614 σπλάγχνα
377 4544 469 4612 οτι-ἱροὶ
487 4544 519 4597 οἰ.
536 4546 616 4598 Arist.
630 4561 709 4614 supra
725 4547 781 4599 cii:
806 4545 902 4617 σπλῆνα
919 4548 939 4600 Ρ
1035 4548 1050 4600 2
1068 4547 1223 4621 κολεόπτερα
1240 4551 1321 4604 Rose:
1345 4549 1510 4623 κολοιόιττιρα
1528 4553 1548 4606 Ρ

195 4630 314 4702 θώσπερ
333 4630 412 4699 ιίπον]
432 4647 510 4700 supra
528 4632 589 4700 §37
690 4633 743 4687 3.4
762 4636 936 4705 μεμυρισμένοι
954 4636 1034 4688 sose:
1058 4639 1267 4708 μεμερισμένοιΡ
1372 4638 1550 4713 ’ίάγονώτερα

48 4728 52 4736 “
123 4795 127 4802 ι
196 4719 276 4772 Rose:
300 4717 483 4789 ἀπονώτεραΡ
590 4719 697 4774 fortasse
715 4722 878 4776 scribendum
901 4720 945 4775 ὅσα
963 4723 1083 4793 ζῳοτοκεῖ
1099 4726 1185 4795 τρίχας
1203 4725 1255 4796 ἰχιι
1273 4727 1352 4778 πάντα
1458 4727 1549 4781 θοίον

196 4805 306 4876 δελφῖνος
324 4807 428 4874 scripsi:
450 4806 515 4877 πλὴν
533 4807 643 4877 δελφῖνος
661 4809 694 4861 P:
718 4808 827 4879 δελφῖνος
846 4811 914 4863 Rose
1026 4811 1041 4864 9
1064 4813 1150 4883 τρίχας
1168 4813 1215 4866 ούκ
1233 4814 1323 4884 ἔχοντα
1341 4812 1411 4884 ὅμως
1429 4816 1551 4886 ζῳοτοκεῖ

196 4894 288 4963 scripsi
307 4911 339 4947 ex
359 4895 439 4947 Arist.
458 4895 523 4948 1.ο.;
546 4898 633 4967 τρίχας
651 4896 741 4968 ἔχοντα
760 4897 828 4967 ὅμως
847 4897 876 4951 ού
894 4900 1050 4960 ζωοτοκεῖΡ
