3510 5610
197 287 240 351 44
370 286 621 341 ARISTOPHANIS
639 285 821 341 HISTORIAE
842 285 1036 341 ANIMALIUM
1054 286 1203 342 ΕΡΙΤΟΜΕ
1222 290 1245 342 11
1263 288 1377 344 42-44

252 458 334 521 οὐδὲν
361 462 445 544 ήμῶν
468 459 618 544 διαφέρον,
641 460 675 521 τδ
697 457 756 542 <δέ>
778 463 864 543 σῶμα
887 459 964 529 Εένον
988 484 1012 523 τι
1035 457 1112 546 ἔχει·
1147 462 1182 525 τά
1203 462 1257 547 γάρ
1280 465 1419 527 δάκνοντα
1442 468 1500 526 τῶν

251 562 360 646 θηρίων
390 564 473 627 οὐδὲν
503 562 608 630 αὐτοὺς
636 562 738 625 ἀδικεῖ.
790 560 887 648 ὄφεως
916 567 984 645 γοῦν
1016 565 1064 626 καί
1094 565 1251 648 φαλαγγίου
1284 568 1332 629 καί
1361 567 1500 650 σκορπίου

251 663 386 735 δακύντος
416 665 535 741 αὐτούς,
564 666 656 728 ἐκεῖνο
684 668 793 749 μᾶλλον
819 666 860 735 εἰς
887 666 1075 750 ἀναισθησίαν
1103 666 1257 730 ύπνοποιδν
1279 669 1498 733 κατολισθαίνει.

250 765 404 852 ἐλέγχουσι
427 769 459 831 δὲ
481 769 529 830 καί
552 768 588 831 τὰ
610 765 683 830 νύθα
705 767 790 830 τέκνα
811 768 869 831 ἀπδ
892 773 949 831 τῶν
971 771 1109 852 γνησίων·
1136 768 1330 854 προσφέρουσι
1352 771 1406 856 γὰρ
1426 771 1500 835 αἰντά

222 873 308 938 υτοῖς
335 871 446 956 θηρίοις
472 872 521 934 καὶ
549 871 710 933 δάκνονται·
744 872 792 933 καί
820 871 855 932 τὰ
882 872 934 954 μὲν
961 873 1065 956 γνήσια
1092 870 1125 935 οδ
1154 873 1278 956 πάσχει,
1307 873 1341 936 τά
1368 874 1401 937 δὲ
1427 875 1501 939 νύθα

249 971 329 1054 Εένης
352 972 421 1036 ὄντα
441 974 582 1056 γενέσεως
604 974 784 1057 ἀποθνήσκει
807 973 1045 1059 φαρμασσόμενα.

334 1076 404 1159 (43)
430 1073 508 1153 Ὅτι,
537 1077 625 1161 φησί,
654 1075 774 1159 πλησίον
803 1081 861 1139 τῶν
888 1077 998 1162 ἀδίψων
1027 1077 1217 1162 ἰχθυοφάγον
1246 1079 1273 1140 οί
1302 1083 1501 1148 κατοικοῦντες

250 1178 348 1264 ὥσπερ
372 1179 565 1263 ἀπαραβάτων
588 1181 720 1242 σπονδῶν
743 1177 847 1262 μεταξὺ
876 1178 1018 1242 τεθέντων
1044 1180 1140 1242 αὐτῶν
1166 1203 1197 1242 τε
1223 1181 1271 1243 καί
1299 1185 1355 1243 τῶν
1381 1186 1500 1265 φωκῶν,

251 1278 317 1343 ούτε
343 1281 425 1345 αύτοί
452 1283 503 1351 τάς
529 1284 631 1367 φώκας
657 1280 779 1343 σίνονται
802 1280 870 1343 οὐδὲ
893 1280 944 1344 ὑπ’
964 1281 1081 1345 ἐκείνων
1104 1281 1183 1345 οὗτοι
1210 1284 1399 1369 βλάπτονται,
1426 1283 1501 1347 ἀλλά

211 1397 238 1442 10
251 1385 299 1447 καί
322 1384 459 1469 ἀλλήλων
482 1386 574 1469 θήρας
595 1383 849 1468 ἀνεπιβουλεύτους
863 1389 907 1468 τῷ
923 1384 1083 1468 θηράσαντι
1098 1385 1232 1470 ἑκάτερον
1254 1385 1334 1467 γένος
1355 1390 1501 1470 συντηρεῖ,

251 1488 299 1549 καὶ
322 1488 600 1573 συναναστρέφονται
616 1486 708 1555 οὕτως
724 1487 860 1570 ἀλλήλοις
877 1489 918 1555 ῶς
934 1486 1015 1569 μόλις
1032 1487 1065 1551 ἂν
1080 1489 1226 1572 εὑρεθεῖεν
1242 1490 1312 1572 πρὸς
1326 1488 1500 1572 ἀνθρώπους

251 1579 438 1675 συμβιοῦντος
461 1590 618 1674 ἄνθρωποι.

336 1693 408 1776 (44)
435 1690 500 1758 Ὅτι
526 1698 583 1756 τῶν
612 1693 800 1777 ἰχθυοφάγον
827 1693 854 1754 οἱ
882 1693 932 1773 μὲν
956 1696 1127 1777 σκηνώμασι
1149 1696 1208 1762 τοῖς
1231 1694 1381 1778 σπηλαίοις
1403 1694 1437 1758 οἰι
1459 1718 1501 1758 τε·

250 1797 423 1880 τραμμένοις
450 1799 521 1881 πρὸς
549 1794 727 1880 μεσημβρίαν
756 1793 803 1856 διά
829 1795 862 1856 τδ
889 1798 1042 1877 πνιγῶδες,
1070 1795 1144 1858 ἀλλά
1171 1800 1230 1866 τοῖς
1252 1797 1501 1882 ἀπεστραμμένοις

212 1914 238 1958 15
252 1899 342 1982 αὐτήν
365 1903 506 1984 χρῶνται·
535 1900 562 1961 οἱ
585 1898 618 1961 δέ
641 1897 697 1959 ύπδ
720 1901 781 1966 ταῖς
803 1899 860 1959 τῶν
885 1897 996 1982 ἰχθύων
1018 1903 1165 1983 πλευραῖς,
1188 1900 1279 1983 φυκία
1299 1899 1502 1985 ἐπιβάλλοντες

251 2001 362 2072 αὐτοῖς·
389 2003 416 2064 οί
438 2002 470 2064 δέ
491 2000 541 2070 τάς
564 2007 621 2063 τῶν
637 1999 741 2062 ἐλαιῶν
764 2001 891 2085 κορυφὰς
907 2002 1046 2086 ἀλλήλαις
1069 2002 1267 2079 συνάπτοντες,
1289 2001 1352 2065 εἶτα
1373 2006 1501 2087 χρῶνται

254 2106 433 2188 σκηνώμασι.
470 2105 522 2188 τήν
545 2104 577 2166 δέ
596 2102 728 2185 τοιαύτην
743 2102 840 2165 ἐλαίαν
863 2105 971 2188 καρπδν
986 2104 1082 2189 φέρειν
1098 2105 1169 2188 φησί
1191 2109 1376 2190 κασταναϊκῷ
1398 2105 1498 2187 καρύῳ

254 2211 450 2292 προσεμφερῆ.
494 2207 527 2268 τδ
550 2206 582 2269 δὲ
604 2205 737 2289 τέταρτον
766 2202 770 2290 Ι
798 2210 856 2269 τῶν
879 2205 1068 2291 ἰχθυοφάγων
1090 2206 1171 2288 γένος
1196 2208 1249 2291 τήν
1272 2205 1383 2292 οἴκησιν
1406 2205 1469 2292 ἔχει
1480 2221 1554 2266 πονοι

252 2310 394 2393 τοιαύτην.
432 2308 531 2393 ἄμμου
554 2306 660 2393 φύρτος
681 2308 803 2377 ἄπλετος
820 2309 854 2371 ἐκ
869 2311 919 2371 τού
942 2309 1049 2377 παντὸς
1069 2309 1184 2385 αἰῶνος,
1207 2308 1267 2393 ὄρει
1288 2312 1500 2394 παραπλήσιος,

209 2427 236 2471 20
250 2414 441 2497 σεσώρευται,
469 2412 517 2475 καὶ
544 2415 601 2480 πδις
627 2409 711 2480 ούτος
738 2411 794 2474 ύπδ
821 2415 873 2474 τοδ
901 2412 1131 2496 προσβάλλοντος
1152 2413 1197 2476 ἀεὶ
1220 2412 1347 2496 κύματος
1369 2416 1502 2498 σκληρῶς

250 2514 458 2599 πεπιλημένος,
486 2515 563 2576 ὥστε
592 2514 747 2596 ὁμογενοῦς
770 2512 856 2597 ὄγκου
878 2514 927 2577 καί
950 2514 1015 2597 μίαν
1038 2514 1122 2599 φύσιν
1146 2512 1263 2600 ἔχοντος
1286 2515 1333 2577 διὰ
1353 2515 1406 2598 τἠν
1429 2514 1501 2597 μίξιν

249 2620 298 2682 καὶ
328 2617 499 2702 συμπλοκήν
529 2621 580 2699 τής
609 2615 708 2699 ἅμμου
739 2616 828 2699 μηδὲν
857 2618 1083 2700 παραλλάσσειν·
1120 2614 1183 2679 εἶτα
1213 2614 1375 2700 ύπονύμους
1403 2618 1501 2688 αύτοῖς

250 2722 441 2805 ἀνδρομήκεις
468 2719 632 2804 ὀρύττουσι,
661 2719 708 2780 τδν
738 2719 789 2801 μέν
817 2719 891 2781 κατά
917 2718 1045 2803 κορυφήν
1073 2716 1157 2800 ύγκον
1184 2719 1289 2788 ἐῶντες
1317 2721 1500 2804 ὠχυρῶσθαι

250 2825 298 2886 καί
328 2823 431 2906 στέγην
461 2821 508 2885 δίἀ
537 2825 589 2903 τῆς
617 2819 771 2904 εἰρημένης
800 2820 962 2888 συνδέσεως
990 2818 1125 2905 ἔχοντες,
1158 2821 1192 2884 ἐκ
1221 2822 1254 2884 δέ
1287 2825 1337 2884 τού
1367 2821 1499 2884 κάτωθεν

210 2942 237 2985 ss
250 2927 376 3011 ἐδάφους
405 2924 585 3008 παραμήκεις
614 2922 745 2992 αἰιλῶνας
775 2924 1050 2999 κατασκευάζοντες,
1080 2924 1150 3008 πρὸς
1178 2907 1325 3007 ἀλλήλους
1355 2924 1497 2987 πάντοθεν

250 3027 510 3112 συντετρημένους,
540 3026 570 3088 ἐν
600 3026 643 3094 οἷς
672 3026 745 3095 τέως
775 3026 826 3109 μέν
853 3049 926 3095 τινες
954 3026 989 3089 τά
1017 3027 1088 3110 πρὸς
1115 3027 1164 3088 τδν
1192 3025 1297 3110 άνεμον
1324 3029 1501 3111 φωτίσαντες

252 3130 368 3215 ἀγουσιν
390 3130 524 3215 ήσυχίαν,
547 3129 618 3191 ἐπάν
642 3129 674 3192 δέ
697 3130 862 3214 πλημμυρὶς
883 3127 1011 3211 ἐπέλθη,
1035 3128 1070 3191 τά
1092 3130 1163 3213 πρδς
1184 3129 1236 3211 τὴν
1259 3128 1347 3214 ἀγραν
1370 3132 1411 3199 ῶς
1433 3150 1500 3211 προ·

249 3234 367 3318 είρηται,
391 3233 665 3317 παρασκευάζονται.
702 3231 769 3301 τούς
792 3231 888 3315 μέντοι
910 3233 1104 3301 τελευτῶντας
1119 3232 1215 3295 αὑτῶν
1231 3231 1367 3315 οὐδεμιᾶς
1389 3231 1499 3301 ἀξιοῦσι

249 3337 397 3421 προνοίας,
427 3335 529 3418 ἀπαθῆ
558 3334 629 3417 πρὸς
656 3334 704 3396 τδν
732 3335 766 3397 ἐκ
793 3333 878 3417 δύξης
904 3332 984 3397 ἔλεον
1012 3334 1181 3419 κεκτημένοι
1209 3334 1260 3417 τὴν
1287 3336 1420 3418 γνώμην·
1455 3335 1498 3398 διδ

208 3453 236 3496 αυ
250 3440 297 3502 καί
324 3438 439 3501 κεῖσθαι
464 3435 652 3521 ἐρριμμένους
678 3436 780 3512 ἐῶσιν,
807 3437 864 3505 ἕως
890 3434 925 3498 ἀν
952 3434 1084 3518 ἄμπωτις
1111 3435 1299 3522 ἐπιγενομένη
1327 3438 1436 3521 τροφήν
1459 3438 1500 3506 εἰς

249 3543 301 3625 τήν
324 3541 473 3604 θάλασσαν
496 3538 604 3623 κομίση
626 3539 737 3609 τούτοις
759 3543 818 3607 τοῖς
842 3537 951 3623 ἰχθύσι.

197 3814 212 3867 7
231 3812 277 3879 δτι,
294 3813 366 3884 φησί]
383 3812 588 3882 Agatharchides
605 3814 674 3880 apud
686 3813 808 3865 Photium
824 3812 893 3864 Bibl.
906 3812 1127 3880 p.4501›12-19.
1152 3815 1184 3866 cf.
1198 3815 1273 3868 Diod.
1286 3815 1355 3868 Bibl.
1370 3813 1480 3879 111.18,7
1500 3814 1550 3877 (ed.

198 3903 277 3956 Dind.
295 3900 372 3964 1866)
481 3900 511 3953 13
534 3898 583 3968 δτι]
602 3900 698 3969 Agath.
716 3900 784 3968 apud
803 3901 877 3952 Phot.
896 3900 965 3953 Bibl.
983 3917 1009 3968 p.
1021 3899 1269 3966 450b20—451‚3.
1296 3901 1329 3954 cf.
1347 3902 1421 3954 Diod.
1435 3901 1470 3953 111
1485 3901 1515 3952 19

195 4061 345 4068 ...-.——

199 4161 209 4211 l
231 4159 257 4212 δέ
276 4159 364 4212 addidi
453 4158 469 4210 8
488 4157 656 4228 ἀπαραβάτων
673 4159 709 4210 D:
733 4157 834 4228 ἀβάτων
853 4160 927 4212 codd.
944 4179 959 4220 ς
976 4160 1052 4212 Phot.
1140 4156 1264 4210 τεθέντων
1282 4157 1370 4209 Phoc:
1392 4156 1512 4210 τιθέντων
1531 4159 1552 4210 Ι)

196 4247 337 4299 θσίνονται
355 4248 443 4300 Phoc:
468 4246 613 4299 σίνουσινθ
717 4245 773 4298 οὐδὲ
792 4247 827 4298 D:
851 4245 900 4299 οὔδ’
915 4248 990 4299 Phot.
1093 4246 1124 4298 13
1143 4244 1305 4316 ἰχθυοφάγων
1323 4245 1358 4296 D:
1383 4244 1553 4315 ἰχθυοφάγων,

196 4334 285 4404 φησίν,
308 4335 383 4387 Phot.
525 4334 654 4387 desideres
677 4333 706 4386 οἰν
728 4336 800 4398 (τοῖς)
823 4334 868 4386 scd
890 4350 940 4386 cm.
959 4336 1036 4387 stiam
1056 4334 1132 4386 Phot.
1273 4331 1308 4384 20
1331 4332 1447 4403 σκληρῶς
1465 4334 1553 4386 Phoc:

195 4421 297 4490 σκληρῷ
317 4421 338 4473 1)
360 4436 366 4445 ’
445 4420 476 4474 21
502 4420 567 4473 ὥστε
585 4421 671 4474 Phoc:
698 4418 821 4490 ώσπερ1)
929 4419 1005 4491 ὄγκου
1022 4422 1111 4473 Phoc:
1136 4419 1250 4490 δγκυνΙ)
1357 4419 1390 4472 22
1413 4419 1553 4488 ὑπονόμους

195 4510 282 4562 Phoc:
309 4508 357 4562 ύπὸ
375 4508 506 4578 νόμουςΙ)
613 4506 646 4560 23
672 4505 824 4579 ὠχυρῶσθαι
841 4509 932 4561 Phoc:
956 4506 1141 4581 δχυρῶσθαιΙ)
1247 4507 1280 4560 ’24
1304 4509 1393 4576 στέγην
1411 4508 1552 4561 Diodorus:

196 4598 283 4666 στέγης
301 4597 336 4648 D:
363 4598 454 4666 στέγειν
471 4597 546 4649 Phot.
672 4595 706 4649 24
731 4596 829 4666 ἔχοντες
848 4588 953 4664 scripsi:
979 4595 1076 4665 ἔχουσιν
1095 4597 1130 4649 D:
1155 4611 1205 4648 om.
1220 4595 1295 4648 Phoc.
1419 4595 1452 4647 25
1475 4614 1552 4648 κατα-

196 4684 353 4744 σκευάζοντες
369 4685 473 4752 scripsi:
494 4684 704 4744 κατασκευάζουσι
715 4685 751 4737 D:
770 4682 1012 4752 κατασκευαζόμενοι
1024 4684 1099 4736 Phot.
1183 4683 1216 4735 26
1235 4701 1297 4741 τινες
1308 4684 1340 4736 D.
1359 4679 1381 4734 Β
1394 4683 1451 4735 cod.
1464 4683 1553 4735 Phoc:

136 4760 139 4767 ’
195 4789 259 4829 τινος
278 4772 317 4823 cd.
332 4771 408 4823 Phot.
494 4771 527 4823 27
546 4770 722 4830 ῶςκαίΡθυί.
812 4772 895 4840 μέντοι
907 4788 935 4839 γε
947 4772 1021 4823 Phot.
1110 4769 1194 4823 αὑτῶν
1213 4771 1317 4839 scripsi:
1337 4768 1421 4823 αἰντῶν
1438 4771 1460 4822 D
1478 4770 1552 4826 Phot.

198 4859 233 4912 30
257 4859 440 4929 ἐριμμένσυςΙ)
549 4859 696 4928 άμπατιςΙ)
802 4857 834 4911 31
861 4857 956 4930 ἰχθύσιν
975 4857 1050 4910 Phoc.
