3510 5610
631 306 841 364 SOLUTIONES
861 306 907 362 ΑΙ)
927 308 1107 365 ouosnouu
1503 308 1546 376 65

247 485 407 568 atropiec
430 485 663 569 perueniantem
685 485 718 548 in
741 484 873 547 altemm
895 483 1063 567 tropicum,
1092 484 1168 549 duas
1195 491 1300 549 autem
1326 485 1406 549 solas
1433 505 1498 549 esse
1517 496 1565 555 561

248 585 443 664 habitabiles,
467 608 599 670 quarum
614 595 746 669 utraque
767 585 895 677 ponitur
917 589 1101 668 παραλληλος
1117 586 1199 651 inter
1214 610 1311 651 unam
1325 587 1496 671 gelidarum
1508 604 1537 646 oo

248 693 280 753 et
305 689 441 753 mediam
468 691 613 773 ignitam,
646 688 735 772 quasi
768 686 1017 751 extremitatibus
1050 689 1235 773 accipientes
1262 699 1440 755 concretum
1466 696 1497 755 et

248 791 383 856 calidum
406 814 478 856 aera
500 793 553 875 qui
576 792 607 855 in
630 792 704 875 ipsis
728 796 774 854 est
793 789 1006 873 temperando,
1031 797 1063 854 et
1077 792 1202 856 boream
1221 793 1348 876 quidem
1363 793 1496 857 habitari

219 908 266 958 aa
287 896 387 973 nobis,
410 904 550 958 austrum
574 915 646 958 uero
669 895 708 957 ab
731 892 800 956 aliis
823 893 911 956 nobis
934 893 1090 977 oppositis.
1135 893 1241 978 itaque
1255 895 1295 958 ad
1310 896 1495 980 positionem

248 1019 344 1061 zonae
371 1005 472 1082 potest
498 996 581 1061 idem
614 998 750 1082 tropicus
777 995 846 1059 aliis
879 995 1006 1077 quidem
1038 996 1180 1060 hiemalis
1214 1018 1288 1077 esse,
1322 999 1391 1062 aliis
1423 1020 1497 1063 uero

246 1100 393 1163 aestiuus.
438 1100 555 1183 tropico
583 1121 653 1184 ergo
680 1099 815 1163 habente
843 1099 936 1162 talem
964 1098 1098 1163 nominis
1125 1099 1360 1183 proprietatem,
1392 1101 1497 1166 idest

249 1202 427 1266 continente
450 1202 653 1267 metationem
675 1201 847 1265 secundum
868 1200 969 1280 horaS,
992 1201 1105 1265 dixerit
1120 1201 1189 1283 quis
1205 1210 1351 1284 quattuor
1366 1203 1498 1268 discerni

249 1312 280 1367 et
302 1305 424 1388 impleri
448 1326 574 1368 annum.
619 1311 693 1367 sunt
715 1309 819 1367 antem
842 1304 925 1367 solae
947 1304 1010 1367 llll
1025 1303 1099 1367 anni
1116 1303 1218 1384 horae,
1241 1312 1394 1387 quantum
1409 1307 1499 1372 aiunt
1512 1324 1539 1365 ro

208 1420 235 1465 ιο
248 1407 389 1490 plurimi,
424 1408 482 1471 etsi
514 1406 643 1490 quidam
670 1407 746 1471 duas
771 1407 852 1470 solas
879 1406 1024 1478 dixerunt
1050 1405 1101 1469 uel
1124 1406 1184 1484 Ill,
1218 1407 1274 1470 alii
1300 1428 1374 1471 uero
1402 1409 1497 1473 otiam

249 1510 352 1593 plures
375 1531 468 1593 quam
492 1510 567 1572 llll:
592 1509 645 1592 qui
668 1516 774 1572 autem
796 1509 860 1572 llll
881 1530 932 1572 eas
955 1507 1122 1588 diffiniunt,
1146 1507 1254 1592 duplas
1278 1531 1342 1573 esse
1365 1511 1497 1576 uirtutes

250 1612 492 1695 uniuscuiusque
524 1613 617 1676 horae
651 1612 771 1690 dicunt;
806 1611 838 1676 dt
869 1611 952 1674 ueris
985 1611 1110 1694 quidem
1144 1611 1226 1694 quod
1253 1634 1271 1676 a
1296 1613 1429 1697 zephyro
1456 1614 1496 1678 ad

249 1714 480 1797 aequinoctium
503 1704 636 1778 hiemale
659 1728 715 1777 uer
736 1735 802 1777 esse
823 1713 976 1797 frigidum·
991 1712 1083 1775 simul
1106 1719 1138 1776 et
1159 1714 1300 1778 umidum
1318 1716 1497 1796 subsistens,

250 1817 333 1900 quod
355 1838 429 1881 uero
452 1817 607 1899 reliquum
630 1838 685 1879 uer
707 1815 823 1893 album,
847 1815 985 1878 umidam
1010 1821 1041 1878 et
1056 1815 1187 1879 calidam
1199 1817 1319 1882 habens
1335 1819 1498 1900 uirtutem;

208 1934 235 1978 ιο
248 1919 375 1984 aestatis
408 1925 514 1983 autem
547 1918 702 2002 quoddam
729 1918 855 2001 quidem
881 1916 969 2000 quasi
996 1918 1122 1982 uernale
1149 1940 1247 2003 usque
1274 1920 1313 1984 ad
1345 1921 1497 1985 aestiuam

249 2021 481 2086 conuersiunem
504 2020 639 2084 calidum
662 2041 727 2084 esse
749 2026 781 2083 et
794 2020 946 2098 umidum,
970 2020 1124 2103 quoddam
1140 2042 1214 2085 uero
1230 2024 1411 2088 autumnale
1426 2025 1497 2089 oali-

251 2123 323 2187 dum
348 2131 379 2187 et
400 2124 531 2202 siccum3
558 2122 702 2186 autumni
728 2143 801 2186 uero
828 2122 1005 2186 aestiualior
1027 2122 1152 2206 quidem
1174 2125 1274 2208 portio
1296 2126 1377 2190 sicca
1399 2133 1446 2191 est
1467 2137 1498 2194 et
1511 2145 1539 2187 so
1608 2119 1611 2125 ’

249 2227 359 2305 calida,
381 2225 582 2316 subhiemalis
605 2233 709 2288 antem
731 2224 812 2288 sicca
833 2230 865 2288 et
885 2224 1012 2307 frigida:
1035 2225 1146 2289 hiemis
1169 2247 1290 2310 quoque
1313 2228 1413 2312 prima
1432 2233 1498 2315 qui·

250 2328 321 2393 dem
343 2329 453 2412 frigida
475 2336 506 2392 et
526 2317 616 2406 sicea,
639 2327 751 2390 ultima
772 2348 845 2391 uero
865 2326 976 2410 frigida
990 2335 1023 2391 et
1036 2328 1174 2393 humida.
1219 2329 1258 2393 de
1274 2329 1357 2394 horis
1371 2334 1496 2415 quidem

208 2437 338 2498 natanta
363 2431 502 2516 quisquis
529 2435 636 2494 notare
661 2437 763 2514 potest
788 2429 918 2494 utiliter.
968 2429 1015 2493 his
1041 2430 1136 2513 igitur
1162 2431 1208 2495 ita
1234 2431 1375 2498 diffinitis
1402 2438 1499 2501 eonsi-

115 2528 120 2538 ’
249 2535 426 2600 durabimus
448 2534 542 2598 etiam
565 2553 704 2615 eaquae
729 2539 803 2596 sunt
829 2532 867 2596 de
894 2532 1015 2596 dierum
1041 2532 1228 2613 differentia,
1260 2535 1397 2619 primum
1423 2540 1498 2623 quid

249 2647 296 2703 est
318 2638 382 2702 dies
403 2637 647 2701 manifestantes.
693 2634 805 2698 dicitur
834 2634 919 2698 euim
945 2634 1010 2698 dies
1036 2636 1213 2719 tripliciter,
1247 2645 1302 2703 aut
1328 2641 1497 2705 secundum

249 2762 359 2825 corpus
381 2761 434 2804 aer
456 2761 475 2803 a
497 2738 560 2802 sule
586 2736 795 2816 illuminatus;
830 2743 884 2801 aut
910 2738 1079 2802 secundum
1106 2739 1144 2802 ab
1173 2740 1290 2805 ortibus
1316 2742 1348 2805 in
1375 2764 1498 2808 occasus

253 2851 375 2928 tempus
398 2850 560 2906 extentum
582 2840 614 2904 in
638 2862 697 2924 quo
721 2847 862 2904 centrum
883 2840 955 2904 solis
977 2841 1016 2903 ab
1038 2847 1106 2905 ortu
1128 2841 1162 2904 in
1184 2862 1326 2907 oceasum
1345 2848 1498 2929 peruenit,
1511 2864 1539 2906 oo

208 2960 236 3004 ον
250 2945 282 3009 id
304 2952 351 3009 est
373 2954 495 3029 tempus
518 2966 537 3007 a
559 2963 619 3026 quo
641 2944 686 3007 sol
710 2943 820 3027 incipit
841 2963 986 3027 superare
1010 2943 1178 3007 orizontem
1200 2966 1298 3029 usquc
1321 2947 1395 3012 dum
1415 2958 1499 3015 totus

252 3048 384 3112 occidat:
419 3047 532 3111 dicitur
558 3066 681 3128 quoque
708 3045 770 3108 diei
797 3052 828 3108 et
855 3045 953 3109 noetis
980 3051 1102 3128 tempus
1129 3045 1203 3110 dies.
1247 3070 1366 3113 annum
1392 3051 1497 3136 itaque

209 3148 214 3158 ’
249 3171 347 3220 unum
375 3148 418 3212 sic
446 3170 502 3210 ccc
529 3169 590 3209 nxv
617 3147 749 3212 dicimus
782 3147 901 3211 dierum
929 3155 960 3210 et
985 3147 1081 3231 partis
1114 3147 1244 3212 alicuius
1278 3172 1315 3213 ex
1348 3154 1498 3219 ambobus

244 3251 547 3335 ,comprehendentes
582 3258 712 3333 tempus.
763 3250 870 3313 orizon
903 3257 1009 3312 autem
1050 3248 1162 3314 dicitur
1194 3252 1325 3317 circulus
1358 3254 1498 3321 diuidens

250 3354 450 3417 manifestum
472 3353 580 3416 mundi
604 3353 643 3415 ab
666 3352 796 3430 occulto,
820 3359 851 3415 et
866 3357 1022 3415 extremus
1037 3352 1168 3416 uisibilis
1183 3353 1402 3440 hemisphaerii
1418 3359 1500 3442 quod

209 3472 236 3518 ao
249 3479 343 3543 supra
365 3477 420 3519 nos
443 3462 490 3518 est
512 3455 668 3519 circularis
692 3454 762 3518 finis
784 3454 816 3518 in
839 3475 984 3538 eampum
1005 3454 1107 3539 pelagi
1127 3455 1264 3540 undique
1280 3459 1357 3523 nihil
1374 3462 1499 3526 omnino

196 3695 212 3748 5
231 3695 264 3748 ei.
283 3694 408 3748 Geminus
427 3693 443 3744 l.
455 3709 477 3745 c.
495 3709 520 3760 p.
533 3693 591 3744 1813
674 3692 759 3760 idei.
779 3693 882 3747 Gemin.
902 3693 916 3744 l.
928 3710 949 3746 c.
968 3709 992 3761 ρ.
1004 3692 1075 3746 22Α.
1158 3693 1192 3746 28
1211 3695 1243 3748 cl.
1262 3695 1364 3750 Gemin.
1383 3699 1433 3752 l.c.
1452 3700 1550 3768 phou

198 3915 499 3971 laDuebaer2a11iG
605 3916 697 3968 9sole
718 3916 753 3967 0¹
852 3917 885 3969 10
903 3916 1037 3982 dixerunt]
1057 3917 1174 3972 dixe-ro
1274 3919 1304 3971 12
1321 3939 1410 3987 praeca
1422 3924 1490 3987 jort.
1508 3878 1552 3976 καλ
1610 3912 1613 3919 ³

195 4010 240 4058 τοῦ
261 4005 306 4074 μὲν
329 4005 399 4074 ἔαρος
417 4004 446 4056 τὸ
470 4005 514 4072 μὲν
532 4002 581 4054 ἀπὸ
600 4002 706 4074 ζεφὺροο
725 4003 765 4055 ἐπὶ
786 4004 833 4072 τὴν
851 4004 992 4077 χειμερινὴν
1011 4003 1139 4075 ἰσημερίαν
1158 4004 1201 4076 ἔαρ
1219 4024 1235 4054 ν
1254 4024 1270 4054 ν
1289 4006 1362 4071 εἶναι,
1385 4007 1480 4078 ψυχρὸν
1499 4008 1552 4078 ἅμα

196 4093 240 4145 καλ
258 4091 332 4164 ὑγρὸν
345 4091 458 4162 teucros,
476 4090 505 4143 τὸ
524 4090 550 4142 δὲ
562 4088 649 4142 λοιπὸν
669 4089 712 4161 ἔαρ
730 4088 828 4156 λευκόν,
847 4089 921 4162 ὑγρὰν
940 4092 984 4143 καὶ
997 4088 1093 4161 θερμὴν
1112 4091 1170 4162 ἔχον
1188 4091 1291 4162 δύναμιν
1361 4094 1390 4146 21
1413 4097 1489 4148 etiam
1509 4097 1551 4166 eo]

152 4281 156 4288 .
196 4193 337 4285 elidnifflG
442 4232 502 4283 add.
522 4231 558 4283 0²
576 4233 601 4282 ia
619 4250 696 4298 usurp.
718 4219 768 4277 DE
789 4220 851 4278 ὓΙΕ
969 4231 1003 4285 23
1029 4235 1194 4299 praesefert.
1210 4235 1277 4287 κατὰ
1294 4235 1337 4287 τὸν
1356 4235 1405 4288 ἀπὸ
1423 4241 1475 4288 τῶν
1494 4238 1551 4289 ἀνα-

195 4317 279 4371 τολῶν
301 4319 341 4371 ἐπὶ
362 4319 407 4378 τὰς
431 4319 509 4377 bhoste
535 4317 625 4392 χρόνον
647 4318 855 4389 παρατεινόμενον
883 4319 960 4386 (κατὰ
982 4317 1071 4392 χρόνον
1094 4319 1123 4372 τὸ
1146 4319 1196 4372 ἀπὸ
1222 4327 1275 4373 τῶν
1297 4320 1428 4374 ἀνατολῶν
1452 4325 1486 4381 εἰς
1508 4326 1553 4382 τὰς

197 4404 277 4463 δόσεις
299 4405 479 4475 ἐκτεινόμενον.
504 4405 630 4473 Duebaer)
763 4405 796 4457 27
824 4417 879 4470 poet
901 4407 1013 4459 alicuius
1036 4406 1051 4459 6
1074 4407 1277 4469 [arcidamus.
1299 4408 1322 4459 G
1346 4409 1410 4475 (suit
1425 4410 1502 4479 sort,
1527 4424 1553 4464 ut

196 4492 325 4546 Duabuero
344 4493 445 4555 nideror,
465 4494 601 4558 alicunde)
708 4509 741 4545 ex
760 4493 886 4545 ambobus
905 4491 962 4560 etc]
983 4494 1029 4545 ie.
1047 4493 1090 4546 τὸν
1110 4492 1135 4554 ἐξ
1153 4495 1246 4564 ἀμφοῖν
1264 4494 1406 4554 συνελόντες
1423 4496 1512 4568 χρόνον

196 4632 231 4686 28
249 4633 362 4687 circulus
380 4653 424 4684 om.
446 4634 481 4685 0¹
498 4635 578 4699 spatio
595 4646 697 4684 vacante
802 4630 836 4683 29
857 4585 1006 4702 hemispherii
1026 4636 1049 4686 G
1150 4633 1185 4687 30
1202 4636 1231 4687 in
1249 4651 1367 4703 campum
1386 4636 1484 4706 pelugi]
1505 4640 1552 4690 ie.

196 4720 232 4778 εἰς
249 4721 278 4773 τὸ
297 4719 443 4773 sedlerter]
462 4719 583 4790 πελάγους
602 4719 686 4788 [aliter
698 4720 826 4770 Dnebaer:
841 4717 974 4772 ‘Videatur
994 4722 1031 4773 lu‘c
1050 4720 1201 4785 Priscianus,
1221 4733 1246 4771 oe
1265 4722 1382 4787 Plotinae,
1402 4725 1446 4774 imo
1462 4727 1555 4776 Graeci

196 4827 285 4870 omnes,
302 4810 428 4859 baioaricis
446 4811 570 4859 vocubulis
589 4827 647 4858 usus
667 4826 730 4863 esse.
750 4809 825 4859 ueluti
841 4806 899 4860 κατ’
921 4807 995 4880 εὐρέα
1011 4813 1081 4860 νῶτα
1098 4806 1238 4878 θαλάσσης,
1257 4827 1321 4874 quae
1339 4811 1479 4879 oirqib'uais
1497 4815 1552 4864 red-

196 4896 286 4947 diderit
305 4895 453 4964 interpres']

249 5002 357 5054 Supplem.
371 4979 457 5046 bristi
471 4999 485 5044 2
499 5003 623 5043 Priscianus
637 5002 717 5053 Lydus.
1314 5054 1317 5060 Ι
1332 4986 1352 5051 5
