3524 5596
393 303 645 358 ARISTOPHANIS
663 304 848 358 HISTORIAE
868 306 1060 362 ANIMALIUM
1078 308 1224 362 EPITOME
1242 309 1255 362 Ι
1273 310 1384 364 10-’14
1524 313 1564 378 21

264 477 313 541 τὸν
335 478 444 562 καιρόν,
467 476 515 540 ότε
535 481 598 547 ταῖς
621 479 672 561 μέν
695 478 826 563 θηλείαις
847 478 883 542 τά
898 482 1059 564 καταμήνια
1083 478 1213 567 ἄρχεται,
1236 487 1295 552 τοῖς
1309 483 1342 545 δέ
1364 481 1463 568 ἄρρεσι
1478 483 1558 548 τὺθθ
1654 497 1657 504 ’

264 579 388 662 σπέρμα.
433 582 460 643 οί
488 581 539 663 μὲν
565 580 619 664 γάρ
646 580 676 650 ἐξ
702 580 827 644 εὐέκτων
854 581 1003 646 κακόεκτοι
1025 583 1161 667 γίνονται,
1188 586 1215 648 οί
1238 586 1270 648 δέ
1291 584 1325 648 ἐκ
1346 585 1538 649 κακοέκτωνο

264 679 385 745 εόεκτοι.
430 685 446 747 ό
473 682 497 746 δ’
518 683 604 752 αὐτὸς
630 685 678 746 καλ
706 685 753 747 ἐπὶ
780 689 837 747 τῶν
865 684 990 767 θηλειῶν
1017 686 1109 769 λόγος.
1155 690 1200 767 ὡςγ
1222 691 1281 757 τοῖς
1308 688 1359 771 μὲν
1384 687 1510 759 εὐέκτοις

264 785 421 866 γινομένοις
441 786 693 870 συνεκκρινομένου
717 787 767 850 σὺν
789 792 832 871 τῷ
856 786 998 872 σπέρματι
1023 794 1074 851 τοὺ
1101 795 1320 859 νοσοποιοὺντος
1346 791 1436 854 αίτίου
1463 793 1511 854 καὶ

235 889 349 951 σοίονεὶ
372 889 604 973 καθαιρομένοις,
626 895 686 959 τοῖς
709 891 741 953 δὲ
763 890 827 972 περὶ
849 890 897 952 τὺν
923 892 1021 974 καιρὸν
1043 897 1095 975 τῆς
1118 892 1250 977 ἀφέσεως
1272 898 1323 955 τοὺ
1346 893 1508 977 σπέρματος
1523 911 1551 953 το

207 1006 268 1050 τινι
283 997 409 1074 νοσεροῖς
436 992 484 1054 καί
511 991 647 1056 ἀσθενέσι
673 992 830 1076 γινομένοις
855 990 860 1079 Ι
888 998 1008 1080 σημεῖον
1036 997 1076 1063 ὡς
1105 996 1138 1058 ἐκ
1167 1000 1217 1059 τοῦ
1247 995 1353 1058 οἰκείου
1382 998 1429 1059 καὶ
1459 1002 1508 1060 τοὺ

261 1095 378 1177 γνησίου
401 1095 535 1181 πλείστην
558 1094 708 1178 ἀποφορὰν
732 1098 882 1182 συμβαίνει
906 1096 1043 1179 γίνεσθαι.
1109 1097 1180 1180 (il)
1203 1097 1289 1184 μέχρι
1313 1100 1364 1180 μὲν
1387 1096 1436 1161 οὑν
1452 1104 1509 1162 τῶν

262 1199 305 1265 δὶς
331 1196 404 1260 ἑπτά
431 1197 504 1259 ἐτῶν
531 1196 667 1282 ἀχρηστά
689 1198 749 1261 ἐστι
776 1200 811 1262 τά
837 1200 1001 1285 σπέρματα,
1030 1200 1102 1283 μετὰ
1128 1201 1160 1263 δέ
1185 1205 1275 1264 ταῦτα
1301 1202 1442 1286 χρήσιμα.

261 1300 333 1382 (12)
358 1305 415 1362 τῶν
438 1300 470 1362 ὑὲ
493 1301 679 1383 σπερμάτων,
706 1302 791 1387 φησί,
818 1303 853 1366 τὰ
877 1304 928 1386 μέν
951 1302 1061 1387 τραχέα
1084 1304 1132 1365 καὶ
1155 1306 1314 1386 χαλαζώδη
1337 1303 1509 1388 ἀρρενογόνα

222 1418 248 1461 10
261 1403 333 1466 ἐστί·
368 1408 420 1486 τῆς
445 1402 498 1486 γὰρ
526 1401 615 1486 ἀκρας
643 1401 758 1488 πέψεως
783 1409 867 1473 τοῦτο
895 1404 1015 1491 σημεῖόν
1042 1406 1115 1469 ἐστι·
1150 1405 1185 1468 τὰ
1214 1405 1245 1468 ὑὲ
1272 1406 1362 1469 λεπτά
1390 1408 1438 1469 καὶ
1467 1410 1507 1494 μὴ
1523 1423 1550 1465 τε

261 1505 420 1589 θρομβιίιδη
444 1505 603 1589 θηλυγόνα·
631 1504 811 1589 ἀπεπτότερα
831 1509 895 1593 γάρ,
918 1509 951 1571 ἐκ
974 1507 998 1570 θ’
1020 1508 1149 1570 ἀπέπτου
1172 1509 1204 1570 τὺ
1227 1509 1312 1592 θῆλυ.
1377 1509 1448 1592 (73)
1471 1510 1508 1592 γί·

262 1631 355 1670 νονται
377 1609 407 1670 αί
431 1610 588 1692 συλλήψεις
609 1614 671 1675 ταῖς
693 1609 813 1689 γυναιξίν
831 1609 865 1673 οὐ
883 1611 996 1679 πάντως
1019 1614 1069 1673 τοῦ
1092 1610 1256 1693 σπέρματος
1278 1610 1341 1674 κατ’
1362 1611 1434 1674 είιθὺ
1457 1618 1509 1696 τῆς

261 1712 371 1794 μητρας
399 1709 586 1794 <φερομένου>
615 1711 694 1779 ἐντὸς
723 1716 773 1774 τοὺ
805 1711 961 1792 στόματος,
989 1712 1052 1775 ἀλλ’
1077 1711 1152 1775 ἔστιν
1183 1714 1230 1776 ὅτε
1259 1715 1307 1776 καλ
1338 1713 1508 1784 ἐκπεσόντος

260 1812 356 1882 ἐκτός·
390 1814 488 1876 στενὸν
511 1812 563 1896 γὰρ
587 1813 619 1874 τό
641 1812 735 1896 στόμα
758 1814 843 1883 ἐνίαις
866 1815 999 1900 ὑπάρχει.
1044 1815 1101 1899 ἤδη
1130 1815 1180 1898 μὲν
1207 1815 1287 1900 <γάρ>
1314 1816 1508 1901 ὑπερέχουσαι
1521 1835 1550 1877 εν

221 1921 299 1999 ιυτῇ
323 1915 469 2000 θερμασία
490 1917 519 1977 αἱ
543 1914 658 1998 ὑστέραι
681 1916 721 1985 είς
744 1917 848 1985 ἐαυτάς
870 1917 948 1986 ἐντός
972 1917 1147 1980 ἐπισπῶνται
1169 1919 1201 1980 τὸ
1229 1919 1315 1981 πεσὸν
1338 1918 1434 1998 ἐκτός,
1462 1944 1509 1983 κα-

261 2021 355 2102 θάπερ
378 2020 407 2080 αἱ
432 2017 527 2080 σικύαι
548 2017 593 2086 αἷς
615 2016 669 2101 (oi)
692 2018 782 2102 ίατρολ
804 2024 932 2105 χρῶνται
958 2021 1198 2105 προσβάλλοντες·
1232 2021 1317 2082 πάλιν
1343 2020 1396 2106 γὰρ
1424 2021 1508 2086 αὑται

258 2127 295 2204 τῇ
318 2127 387 2205 ποιᾷ
409 2119 569 2204 θερμότητι
590 2121 642 2203 τὴν
666 2121 753 2204 ὁλκὴν
780 2127 829 2185 τοῦ
857 2122 944 2205 ὑγροῦ
970 2127 1126 2184 ποιοῦνται.
1171 2127 1290 2207 σημεῖον
1318 2123 1350 2186 ὑέ
1376 2124 1423 2186 ἐπὶ
1450 2130 1508 2188 τῶν

259 2224 482 2307 προσαγομένων
504 2222 604 2291 αὑταῖς
626 2229 742 2287 πεσσῶν
765 2226 812 2287 καὶ
835 2225 1039 2310 περιχρίστων·
1071 2222 1133 2308 μετ)
1154 2223 1188 2287 οίι
1212 2225 1301 2287 πολὺν
1323 2226 1376 2310 γάρ
1400 2226 1504 2311 χρόνον
1518 2244 1545 2287 νε

260 2326 330 2410 Εηρά
351 2327 400 2390 καὶ
421 2326 457 2389 τὰ
479 2324 627 2410 πρόσθετα
649 2327 696 2389 καὶ
719 2326 754 2389 τά
775 2327 945 2412 περίχριστα
966 2328 1136 2411 εὑρίσκεται,
1159 2330 1199 2395 ὡς
1217 2326 1307 2412 αὐτῆς
1321 2328 1507 2414 ἀνειληφυίας

218 2445 246 2488 νυ
259 2430 345 2493 αὐτά·
373 2429 458 2513 φύσει
475 2428 528 2511 γάρ
544 2428 629 2490 όλκὺν
646 2427 771 2512 πέφυκεν
787 2428 869 2504 εἶναι,
891 2429 996 2513 ἐάνπερ
1019 2428 1153 2515 (θερμόν)
1174 2431 1291 2512 κάκείνη
1309 2431 1438 2516 ὑπάρχη.

257 2533 328 2615 (14)
355 2533 507 2615 τεκμήριον
536 2531 568 2592 δὲ
594 2531 812 2612 παρακολουθεῖ
836 2535 897 2599 ταῖς
922 2531 1028 2614 γυναιξί
1054 2536 1105 2594 τοῦ
1133 2532 1348 2616 συνειληφέναι,
1376 2535 1442 2596 όταν
1472 2537 1505 2599 τὸ

204 2757 237 2808 τά
255 2755 361 2824 σώματα
379 2755 483 2824 γίνεται·
509 2752 558 2805 ἀπὸ
577 2751 622 2823 γάρ
640 2756 686 2821 τῆς
704 2749 802 2821 φὺσεως
825 2754 868 2805 καί
890 2758 942 2805 τῶν
965 2752 1050 2811 καλῶς
1073 2753 1183 2823 ἐχόντων
1206 2753 1221 2823 ἡ
1245 2754 1372 2825 ἀπόκρισις
1395 2755 1486 2823 γίνεται
1508 2764 1558 2816 τοῖς

202 2845 248 2912 μὲν
266 2844 291 2896 έν
308 2846 346 2913 τῷ
356 2843 480 2912 σπέρματι
491 2849 543 2899 ταῖς
562 2838 582 2891 δ’
595 2841 620 2892 ἐν
632 2847 683 2898 τοῖς
695 2840 856 2909 καταμηνίοις
963 2840 978 2891 ’ί
998 2841 1082 2910 μέχρι]
1100 2842 1178 2892 Arist.
1189 2841 1250 2893 hist.
1260 2842 1339 2894 anim.
1349 2839 1371 2894 11
1385 2843 1395 2893 l
1415 2859 1440 2910 p.
1451 2843 1558 2898 582216

202 2933 277 3001 μέχρι
300 2931 345 2998 μὲν
368 2928 411 2982 οὑν
432 2934 484 2981 τῶν
505 2930 556 2998 τρὶς
579 2929 613 2990 (v.
630 2927 647 2978 1.
664 2927 699 2985 di:
717 2928 768 2993 Da)
791 2928 853 2980 ἐπτά
875 2927 939 2978 ἐτῶν
959 2927 987 2979 τό
1009 2928 1054 2994 μὲν
1072 2933 1172 2996 πρῶτον
1190 2927 1266 2996 ἄγονα
1284 2929 1315 2980 τά
1334 2930 1462 2999 σπέρματά
1480 2931 1557 2983 ἐστιν·

202 3020 286 3071 ἔπειτα
305 3018 393 3088 γόνιμα
411 3018 456 3085 μὲν
475 3016 551 3084 μικρὰ
569 3015 595 3067 δὲ
613 3016 657 3066 καὶ
674 3014 750 3085 ἀτελῆ
769 3021 870 3084 γεννῶσι
891 3015 974 3067 καλοί
993 3016 1042 3067 νέοι
1065 3017 1108 3068 καί
1131 3016 1155 3066 αἱ
1179 3017 1243 3079 νέαι,
1268 3014 1351 3085 ὥσπερ
1377 3018 1419 3068 καὶ
1444 3018 1484 3070 ἐπὶ
1506 3026 1558 3070 τῶν

201 3106 286 3159 ἄλλων
307 3107 381 3176 ζῴων
402 3111 454 3157 τῶν
476 3103 597 3155 πλείστων
739 3103 755 3154 9
779 3109 830 3155 τῶν
852 3103 877 3154 δὲ
901 3101 1060 3172 σπερμάτων]
1083 3103 1162 3154 Arist.
1176 3103 1237 3155 hist.
1251 3100 1390 3155 anim.Hl
1411 3120 1437 3171 p.
1450 3103 1557 3158 582229

200 3193 252 3245 ἐστι
270 3193 296 3245 ὑὲ
315 3195 346 3244 τά
364 3194 409 3261 μὲν
427 3192 504 3244 λεπτὰ
523 3197 574 3243 τῶν
593 3192 741 3260 σπερμάτων
760 3189 848 3258 ἄγονα,
871 3190 902 3241 τά
920 3188 946 3242 ὑὲ
964 3189 1098 3259 χαλαζώδη
1118 3190 1206 3258 γόνιμα
1224 3191 1268 3241 καὶ
1286 3189 1432 3262 ἀρρενογόνα
1450 3189 1557 3260 μᾶλλονζ

200 3281 232 3332 τά
255 3279 280 3332 δὲ
304 3278 382 3332 λεπτὰ
404 3280 447 3331 καὶ
470 3280 505 3349 μὴ
529 3277 667 3350 θρομβιίιθη
691 3276 815 3346 θηλυγόνα
976 3276 1061 3328 11.12
1083 3278 1200 3346 γίνονται]
1221 3277 1301 3331 Arist.
1313 3294 1399 3347 gener.
1412 3276 1556 3332 anim.Bd

200 3383 226 3434 p.
240 3366 348 3419 739235
372 3367 388 3436 ἡ
410 3365 429 3418 δ’
446 3366 529 3435 ἄφεσις
551 3365 598 3418 οὑκ
617 3365 685 3423 ἐντὸς
703 3365 822 3433 γίγνεται,
844 3360 958 3432 καθάπερ
980 3363 1071 3416 οἴονταί
1088 3383 1150 3422 τινες
1174 3365 1266 3428 (στενόν
1287 3367 1332 3436 γὰρ
1353 3366 1382 3419 τὸ
1405 3367 1484 3435 στόμα
1506 3373 1558 3419 τῶν

200 3454 334 3523 ὑστερῶν),
352 3452 403 3505 ἀλλ’
420 3453 455 3511 είς
472 3453 501 3505 τὸ
520 3451 640 3523 πρόσθεν,
658 3451 732 3522 οὑπερ
750 3452 779 3504 τὸ
798 3450 863 3521 θῆλυ
882 3452 991 3521 προίεται
1008 3452 1054 3521 τὴν
1072 3453 1097 3504 ἐν
1117 3452 1189 3510 ἐνίαις
1207 3452 1291 3504 αὑτῶν
1310 3452 1402 3522 ἰκμάδα
1420 3455 1557 3523 γινομένην,

200 3540 309 3594 ἐνταῦθα
327 3540 418 3592 καὶτὸ
437 3540 508 3610 ἄρρεν
527 3541 644 3609 προίεται,
663 3542 705 3592 ἐάν
717 3559 753 3599 τις
773 3539 906 3609 ἐξικμάση·
930 3539 971 3592 ότὲ
990 3541 1034 3608 μὲν
1052 3539 1095 3592 οὑν
1112 3542 1179 3607 μένει
1196 3544 1284 3592 τοῦτον
1297 3540 1386 3610 ἔχοντα
1399 3539 1442 3593 τόν
1454 3540 1554 3610 τρόπον,

199 3627 241 3680 ὁτὲ
260 3627 295 3690 δέ,
314 3628 343 3679 ἀν
360 3627 425 3697 τὺχη
445 3629 592 3696 συμμέτρως
610 3627 701 3697 ἔχουσα
720 3628 763 3678 καὶ
775 3625 857 3697 θερμὴ
876 3627 916 3679 did
933 3628 979 3697 τὴν
998 3627 1117 3697 κάθαρσιν
1135 3627 1151 3697 ἡ
1171 3626 1270 3697 ὑστέρα,
1287 3627 1345 3680 είσω
1364 3632 1426 3698 σπηῖ·
1452 3634 1554 3697 σημεῖον

200 3716 239 3768 ὑί·
265 3717 309 3767 καὶ
327 3716 373 3785 γάρ
391 3717 422 3766 τὰ
440 3714 547 3785 πρόσθεν
565 3714 627 3784 ὑγρά
645 3713 811 3783 προστεθέντα
830 3713 968 3784 ἀφαιρεῖται
986 3713 1049 3785 ξηρά
1179 3714 1211 3766 21
1235 3714 1381 3783 τεκμήριον]
1401 3715 1480 3767 Arist.
1494 3716 1554 3768 hist.

200 3805 280 3855 anim.
293 3800 346 3855 Η3
364 3818 390 3870 p.
403 3802 510 3855 583214
534 3803 624 3871 γίνεται
645 3803 670 3854 ὑὲ
692 3809 792 3871 σημεῖον
813 3806 857 3854 τοὺ
879 3801 1048 3873 συνειληφέναι
1068 3810 1120 3861 ταῖς
1142 3802 1259 3872 γυναιξίν,
1283 3799 1341 3853 όταν
1363 3799 1436 3861 εὑθὺς
1456 3803 1556 3872 γίνηται

200 3889 264 3956 μετὰ
281 3889 328 3959 την
347 3889 444 3958 ὁμιλίαν
462 3889 475 3942 ὑ
494 3889 568 3948 τόπος
586 3887 667 3960 ξηρός.
702 3889 795 3958 ἂνμὲν
816 3889 858 3942 οὑν
876 3889 929 3942 λεῖα
950 3891 981 3942 τά
1000 3890 1070 3960 χείλη
1092 3887 1108 3962 ᾖ
1131 3895 1175 3942 τοὺ
1199 3890 1335 3958 στόματος,
1358 3889 1387 3940 οὑ
1410 3887 1476 3942 θέλει
1499 3889 1555 3942 συλ-

200 3975 333 4046 λαμβάνειν
355 3975 531 4041 (ἀτολισθαίνει
548 3980 617 4045 γάρ),
640 3976 688 4030 οὔδ’
705 3977 735 4029 ἀν
757 3979 852 4047 παχέα·
879 3977 907 4029 ἀν
926 3977 950 4048 δ’Ι
960 3977 1093 4048 ἁπτομένῳ
1116 3982 1154 4047 τῳ
1176 3977 1293 4047 δακτὺλῳ
1316 3977 1455 4048 τραχὺτερα
1476 3973 1492 4048 ᾗ
1512 3978 1555 4029 καλ

201 4066 347 4133 ἀντίχηται,
370 4066 412 4117 καλ
431 4065 460 4117 ἀν
478 4064 556 4117 λεττά
574 4066 605 4117 τά
622 4065 707 4136 χείλη,
729 4065 785 4118 τότε
803 4065 925 4135 εὑκαίρως
944 4065 995 4135 ἔχει
1017 4066 1076 4135 πρὸς
1093 4068 1140 4134 τὴν
1158 4064 1285 4135 σὺλληψιν.
1322 4064 1382 4132 πρὸς
1401 4065 1446 4132 μὲν
1465 4063 1507 4117 οὑν
1525 4064 1554 4116 τὸ

202 4150 378 4220 συλλαμβάνειν
395 4151 510 4211 τοιαὺτας
528 4153 565 4206 ὑεῖ
581 4154 773 4214 κατασκευάζειν
791 4153 834 4211 τὰς
852 4152 963 4223 ὑστέρας,
982 4151 1042 4222 πρὸς
1059 4152 1129 4204 δὲτὸ
1148 4151 1183 4221 μ“η
1203 4151 1383 4220 συλλαμβάνειν
1401 4149 1554 4203 τοίνναντίον·

202 4238 231 4290 ἀν
254 4241 299 4309 γάρ
320 4235 337 4310 ᾗ
362 4238 414 4291 λεῖα
436 4240 468 4291 ‘td
491 4239 576 4309 χείλη,
600 4240 628 4292 οὑ
653 4239 829 4309 συλλαμβάνει·
855 4240 892 4293 διὸ
916 4240 975 4292 ένιαι
998 4244 1043 4310 της
1065 4240 1161 4311 μήτρας
1182 4238 1244 4309 πρὸς
1266 4238 1278 4290 θ
1300 4239 1382 4291 πίπτει
1403 4238 1431 4292 τὸ
1450 4239 1555 4308 σπέρμα,

202 4326 340 4396 ἀλιίρουσιν
359 4328 434 4397 ἐλαίῳ
453 4327 556 4399 κεὺρίνῳ
574 4327 590 4399 η
609 4325 720 4398 ψιμυθίῳ
740 4328 756 4397 η
774 4326 907 4398 λιβανωτῷ
925 4327 1016 4386 ὑιέντες
1034 4326 1109 4397 ίλαίῳ

202 4461 348 4468 ——-—
365 4462 571 4468 -...-..——
578 4464 596 4467 --

200 4532 216 4585 2
234 4533 344 4586 εὑίκτων
356 4535 437 4587 Rosa:
456 4533 597 4588 εὑεκτῶνΡ
687 4534 703 4587 5
722 4532 917 4605 καθαρρομένοις
935 4536 963 4588 in
982 4532 1170 4604 καθαιρομένας
1189 4534 1301 4586 correxit
1317 4533 1347 4585 1>¹
1440 4532 1471 4584 12
1489 4532 1549 4587 κατ’

200 4619 260 4674 ιὺθὺ
279 4622 358 4674 Rose:
382 4619 493 4692 κατευθῆ
511 4623 531 4675 Ρ
658 4622 688 4675 13
711 4624 848 4692 φερομένου
866 4624 968 4676 addidit
986 4624 1053 4675 Raso
1179 4623 1210 4674 14
1234 4621 1280 4690 γὰρ
1298 4620 1400 4673 addidit
1418 4621 1485 4673 Rosa

199 4709 362 4779 ὑπερέχουσαι
380 4711 484 4778 scripsi:
508 4711 664 4781 περιέχουσαι
682 4712 701 4763 Ρ
802 4709 833 4763 15
855 4710 930 4762 πεσὸν
948 4713 1013 4775 (non
1031 4709 1116 4773 ποσὸν)
1135 4710 1155 4761 Ρ
1255 4708 1285 4760 16
1305 4706 1388 4759 σικὺαι
1406 4708 1486 4760 Rose:
1511 4723 1554 4779 ση-

200 4798 267 4848 κυιαί
283 4802 312 4848 ut
329 4796 412 4848 vidP
484 4798 507 4849 οί
524 4798 583 4850 add.
598 4799 664 4851 Rose
740 4798 769 4850 18
786 4804 883 4850 πεσσῶν
897 4800 976 4850 Rose:
996 4797 1112 4850 τεσιόνΡ
1183 4796 1217 4849 20
1235 4796 1298 4849 αὑτά
1312 4798 1390 4848 Rosa:
1410 4794 1517 4854 αὑτάςΡ

200 4883 276 4937 ὁλκὸν
289 4884 321 4935 P:
340 4883 418 4956 ὁλκην
435 4885 547 4938 malebat
560 4884 664 4954 Sauppe
770 4883 863 4955 θερμὸν
882 4885 969 4938 addidi
1075 4884 1179 4956 κάκείνη
1196 4885 1302 4953 scripsi:
1319 4882 1422 4952 κάκείνη
1435 4882 1455 4935 P
