3510 5610
277 339 320 404 30
448 339 699 394 ARISTOPHANIS
716 338 901 393 HISTORIAE
920 340 1113 394 ANIMALIUM
1132 339 1280 393 ΕΡΙΤΟΜΕ
1298 340 1309 392 Ι
1328 339 1457 393 33-103

331 512 460 596 δυσχερῆ
480 513 527 576 καλ
548 510 697 596 ἀπρόσιτα.
792 511 885 595 (100)
907 508 981 594 μόνη
1000 511 1069 594 γονὴ
1092 511 1200 574 κόουσα
1223 511 1322 596 όχείαν
1346 511 1519 597 ἐπιδέχεται,
1541 509 1577 573 τὰ
1588 516 1620 572 37

331 610 356 674 δ’
374 611 449 677 ἀλλα
469 618 539 701 ζῷα·
548 615 652 678 οὐκέτι.
732 615 826 698 (101)
849 613 921 698 μόνη
942 615 1011 697 γυνη
1029 614 1262 698 ἐπαμφοτερίζει·
1289 616 1336 677 καὶ
1352 614 1405 697 γάρ
1422 611 1579 698 μονοτόκος
1626 644 1629 649 ·

330 716 379 778 καὶ
397 717 584 801 διδυμοτόκος
606 719 653 781 καὶ
676 716 843 787 πολυτόκος.
919 716 1013 799 (102)
1035 716 1108 800 μόνη
1131 718 1178 779 τὸν
1201 717 1354 801 λεγόμενον
1378 717 1466 800 μόλον
1488 717 1576 779 τίκτει

330 820 410 902 γυνή.
498 821 556 905 τρὶς
571 822 603 884 δὲ
617 825 742 884 τεκοῦσα
763 820 867 903 ἡγυνὴ
890 818 984 883 οὐκέτι
1006 817 1130 889 αὔξεται.
1211 819 1303 902 (103)
1325 821 1349 902 ἡ
1365 820 1436 902 γυνή
1460 820 1578 882 πλείονα

303 922 469 1006 σκάθαρσιν
483 922 564 1008 φέρει
579 928 636 985 τῶν
652 922 749 986 ἄλλων
767 920 861 1009 ζῴων.
940 923 968 984 αἱ
987 922 1108 1003 γλαυκαί
1127 926 1184 984 τῶν
1203 928 1346 1004 γυναικῶν
1368 919 1526 1006 ὑηρότεραι,
1546 923 1605 985 ata

331 1025 364 1087 δὲ
386 1022 516 1107 μέλαιναι
542 1027 667 1110 ἥττονες.
745 1024 838 1107 (104)
864 1025 894 1087 αἱ
918 1024 1053 1108 ὕπανδροι
1075 1028 1244 1109 κατακορεῖς
1265 1026 1337 1109 πρδς
1358 1025 1394 1087 τὰ
1415 1025 1576 1109 ἀφροδίσια,

331 1127 361 1189 αἱ
388 1127 421 1190 δὲ
446 1129 585 1212 τρυφερα1
611 1129 736 1212 ἥττονες.
822 1126 915 1209 (105)
943 1126 1008 1190 όσαι
1033 1131 1091 1189 τῶν
1117 1133 1260 1211 γυναικῶν
1282 1127 1404 1189 κύουσαι
1426 1128 1577 1197 πλεονάκις

334 1227 396 1313 μετ’
417 1230 520 1314 ἀνδρδς
541 1231 672 1313 γίνονται,
695 1229 779 1294 αὗται
801 1231 848 1292 καὶ
871 1228 1080 1313 εὐμαρέστερον
1102 1230 1235 1294 τίκτουσι.
1606 1214 1610 1220 ’

415 1331 508 1415 (106)
537 1330 635 1402 Μόνος
656 1331 811 1417 ἄνθρωπος
831 1339 889 1396 τῶν
912 1331 997 1417 ζῴων
1012 1337 1069 1395 νεῖν
1085 1333 1233 1415 μανθάνει.
1322 1331 1408 1414 μόνος
1422 1331 1577 1416 ἅνθρωπος

290 1450 317 1495 10
330 1434 366 1496 τά
388 1437 450 1499 ὦτα
472 1435 505 1498 od
527 1439 612 1511 κινεῖ,
639 1436 666 1497 εί
691 1437 738 1500 καλ
762 1436 909 1503 σπανιάκις
931 1436 992 1498 ἐστὶ
1017 1435 1134 1518 κίνησις.
1243 1433 1326 1518 μόναι
1352 1436 1381 1498 αῖ
1404 1435 1501 1519 τρίχες
1521 1441 1574 1498 τοῦ
1588 1452 1617 1494 ιο

331 1538 487 1622 ἀνθρώπου
511 1523 684 1622 μακρότεραι
705 1539 827 1621 γίνονται
848 1541 905 1601 τῶν
928 1537 1025 1601 ἄλλων
1049 1537 1145 1623 ζῴων.

415 1640 508 1723 (107)
536 1638 573 1705 01
595 1642 691 1703 λευκοὶ
712 1641 760 1703 καὶ
781 1644 854 1703 λεῖοι
875 1645 931 1702 τῶν
954 1641 1117 1724 ἀνθρώπων
1141 1641 1369 1723 πολυηονώτεροι
1394 1645 1451 1703 τῶν
1475 1645 1575 1724 μελαν-

328 1743 429 1827 τέρων.
474 1745 500 1807 οί
522 1745 620 1812 δασεῖς
641 1743 689 1807 καὶ
712 1742 803 1806 δασέα
824 1743 920 1827 στήθη
947 1744 994 1806 καλ
1017 1744 1127 1807 πλατέα
1152 1741 1269 1828 ἔχοντες
1295 1743 1437 1825 όρεκτικοὶ
1464 1748 1573 1827 μᾶλλον

330 1847 401 1931 πρδς
422 1845 473 1915 τάς
494 1847 652 1914 συνουσίας.
697 1845 724 1907 οἱ
746 1844 875 1928 γέροντες
900 1847 947 1908 καὶ
970 1847 996 1909 οἱ
1019 1845 1077 1909 νέοι
1104 1845 1260 1929 θηλυγόνοι
1288 1849 1329 1913 ὡς
1356 1845 1403 1907 ἐπὶ
1429 1847 1463 1909 τό
1491 1847 1574 1910 πολό.
1590 1864 1618 1907 ιε
1655 1924 1659 1932 Ι

290 1964 317 2010 15
330 1950 357 2012 οί
383 1949 419 2011 τά
445 1948 541 2033 στήθη
569 1948 639 2032 ψιλὰ
665 1948 713 2012 καὶ
739 1947 823 2010 στενά
845 1944 963 2031 ἔχοντες
985 1948 1148 2032 εὐαδίκητοι
1171 1949 1228 2011 ὑπδ
1250 1953 1307 2011 τῶν
1332 1953 1500 2013 συνουσιῶν.

328 2050 421 2136 (108)
442 2055 500 2114 τῶν
522 2051 691 2136 κατακόρως
705 2048 950 2121 συνουσιαζόντων
974 2050 1072 2136 (αἷμα)
1095 2052 1224 2136 ἀπορρεῖ.
1300 2050 1393 2134 (103)
1415 2054 1441 2115 οἱ
1457 2052 1576 2137 ἀραιοδς

279 2225 290 2277 1
315 2223 391 2294 μόνη]
411 2224 491 2276 Arist.
503 2223 564 2275 hist.
578 2223 656 2274 anim.
670 2219 722 2275 Η4
743 2239 768 2291 p.
782 2220 872 2275 58513
896 2221 994 2292 δέχεται
1016 2222 1035 2275 δ’
1051 2223 1135 2294 όχείαν
1158 2222 1251 2275 κόοντα
1273 2221 1380 2291 μάλιστα
1401 2229 1452 2275 τῶν
1473 2224 1546 2293 ζῴων
1567 2228 1631 2298 γυνή

276 2313 319 2365 καὶ
337 2310 410 2370 ίππος
550 2310 566 2364 2
589 2309 665 2379 μόνη]
685 2309 766 2361 Arist.
780 2325 866 2377 gener.
879 2312 959 2363 anim.
971 2307 1021 2363 Δ4
1042 2327 1068 2379 p.
1082 2309 1188 2362 772137
1212 2309 1225 2362 ό
1244 2310 1270 2362 δὲ
1289 2308 1421 2380 ἄνθρωπος
1442 2311 1630 2384 έπαμφοτερίζει

276 2405 335 2452 πᾶσι
353 2404 404 2457 τοῖς
421 2399 524 2468 γένεσιν·
548 2399 591 2450 καὶ
609 2397 654 2467 γὰρ
673 2402 805 2465 μονοτοκεῖ
820 2397 863 2448 καί
878 2399 1010 2451 πολυτοκεῖ
1026 2399 1069 2450 καὶ
1087 2397 1225 2467 όλιχοτοκεῖ
1241 2416 1309 2463 ποτε,
1328 2397 1434 2467 μάλιστα
1452 2398 1478 2451 δὲ
1491 2401 1629 2469 μονοτόκον

276 2485 406 2558 τὴνφύσιν
420 2487 478 2539 ἐστί.
503 2485 535 2538 cf.
547 2485 608 2537 hist.
618 2481 759 2537 anim.H4
776 2500 802 2552 ρ.
812 2484 920 2538 584127
1016 2485 1032 2538 3
1051 2485 1127 2555 μόνη]
1145 2486 1225 2538 Arist.
1235 2484 1465 2553 gener.anim.d7
1483 2503 1510 2555 p.
1521 2487 1629 2541 776127

276 2575 387 2628 τίκτουσι
403 2563 450 2644 7γὰρ
469 2571 482 2625 δ
500 2572 603 2625 καλοῦσι
621 2571 710 2642 μόλην.
742 2572 774 2624 cf.
787 2572 895 2624 776113
1029 2573 1046 2624 4
1069 2571 1132 2641 τρὶς]
1151 2573 1232 2625 Arist.
1246 2574 1305 2625 hist.
1318 2575 1398 2626 anim.
1412 2570 1433 2625 H
1448 2575 1460 2626 l
1482 2590 1508 2642 p.
1521 2575 1629 2630 582124

276 2662 345 2715 δοκεῖ
366 2662 411 2731 γὰρ
435 2659 488 2713 οὐδ’
509 2661 525 2730 ή
548 2657 648 2729 αὔξησις
671 2660 707 2712 ῖτι
729 2659 837 2729 γίνεσθαι
859 2661 921 2728 μετά
943 2660 1000 2719 τοὺς
1022 2667 1086 2730 τρεῖς
1107 2661 1196 2719 τόκους
1336 2661 1353 2730 ή
1375 2660 1448 2730 γυνή]
1471 2662 1552 2716 Arist.
1569 2665 1629 2717 hist.

277 2752 355 2802 anim.
369 2747 391 2801 Z
406 2747 438 2800 18
458 2763 484 2815 p.
496 2745 604 2799 572123
628 2744 760 2815 καθάρσεις
783 2747 808 2799 δὲ
830 2748 935 2816 γίνονται
956 2748 1000 2816 μὲν
1022 2748 1196 2817 καταμηνίων,
1219 2747 1247 2799 οό
1266 2748 1316 2818 μήν
1335 2747 1388 2800 όσαι
1406 2767 1433 2817 γε
1450 2757 1504 2808 ταῖς
1521 2750 1629 2823 γυναιξὶν

275 2835 357 2890 οὐθενὶ
374 2843 426 2888 τῶν
444 2834 528 2887 ἀλλων
546 2834 618 2904 ζῴων
745 2834 762 2888 5
787 2835 811 2887 αἱ
830 2833 948 2903 γλαυκαὶ]
967 2836 1047 2888 Arist.
1061 2837 1121 2888 hist.
1134 2837 1213 2888 anim.
1227 2832 1278 2887 Η2
1299 2852 1325 2903 p.
1339 2836 1447 2889 583110
1470 2838 1513 2890 καὶ
1532 2839 1557 2891 ἀν
1575 2846 1628 2898 ταῖς

277 2923 382 2994 δμιλίαις
404 2923 431 2976 δὲ
453 2927 505 2975 τῶν
528 2921 675 2992 ἀφροδισίων
698 2921 723 2974 αί
746 2920 888 2992 λευκότεροι
905 2923 951 2991 τὴν
970 2922 1041 2992 φύσιν
1060 2923 1216 2992 ἐξικμάζουσι
1233 2922 1327 2991 μᾶλλον
1346 2930 1397 2977 τῶν
1415 2924 1538 2994 μελαινῶν
1559 2929 1594 2991 (v.
1611 2927 1629 2978 1.

275 3011 390 3082 μελάνων
407 3011 446 3063 A·
457 3008 503 3075 01)
644 3009 660 3061 6
685 3010 710 3062 αἱ
731 3007 859 3081 ὕπανδροι]
881 3010 951 3062 unde
972 3007 1052 3063 haee?
1195 3010 1210 3061 7
1233 3009 1298 3080 όσαι]
1317 3011 1398 3064 Arist.
1410 3013 1471 3065 hist.
1484 3013 1563 3065 anim.
1575 3009 1628 3065 H4

275 3116 302 3169 p.
314 3097 423 3152 584130
445 3097 470 3149 α1
488 3096 514 3149 δὲ
531 3095 707 3167 πλησιάζουσαι
724 3097 771 3167 πρὸ
788 3103 840 3149 τῶν
858 3097 941 3150 τόκων
959 3105 1010 3156 τοῖς
1028 3097 1126 3166 ἀνδράσι
1143 3096 1235 3151 θᾶττον
1253 3100 1377 3152 τίκτουσιν
1514 3099 1529 3151 3
1553 3100 1629 3169 μόνος

275 3183 418 3259 ἀνόμοιος]
437 3185 501 3237 haee
517 3199 586 3237 nova
604 3200 659 3238 esse
678 3185 799 3238 videntur
901 3185 986 3255 μοις]
1004 3186 1084 3238 An‘st.
1097 3187 1158 3238 hist.
1171 3187 1251 3239 anim.
1265 3184 1286 3239 λ
1299 3173 1336 3239 11‘
1347 3203 1373 3255 p.
1384 3185 1492 3239 492222
1510 3187 1629 3259 ειοητον

187 3342 192 3349 Ι
274 3274 301 3328 δὲ
323 3273 353 3326 τό
376 3271 418 3331 οὓς
440 3268 571 3343 ἀνθρωπος
594 3272 646 3343 ἔχει
669 3273 743 3341 μόνος
765 3279 817 3325 τῶν
841 3273 950 3344 ἐχόντων
973 3277 1046 3326 τοῦτο
1068 3273 1096 3326 τὸ
1120 3274 1214 3344 μόριον.
1246 3274 1278 3327 cf.
1296 3274 1329 3327 28
1472 3273 1505 3327 10
1529 3276 1551 3328 εί
1571 3275 1627 3345 καὶ]
1698 3304 1706 3321 ·

275 3377 343 3416 nova
483 3359 569 3429 μόναι]
588 3361 667 3413 Arist.
681 3365 746 3429 part.
760 3362 838 3412 anim.
851 3357 874 3413 B
888 3362 919 3413 14
941 3378 966 3429 p.
979 3360 1070 3413 65812
1093 3362 1139 3430 τήν
1162 3361 1188 3414 δὲ
1212 3361 1325 3432 κεφαλὴν
1348 3360 1481 3433 ἅνθρωπός
1503 3363 1554 3416 ἐστι
1575 3369 1628 3416 τῶν

275 3447 346 3520 ζῴων
364 3447 509 3502 δασότατον.
540 3448 572 3500 ef.
589 3448 650 3501 hist.
662 3444 802 3500 anim.Bl
825 3465 851 3516 p.
863 3448 973 3501 438118
1101 3448 1132 3499 12
1157 3448 1180 3500 οἱ
1198 3448 1294 3518 λευκοὶ]
1314 3449 1396 3503 Arist.
1408 3451 1469 3503 hist.
1482 3447 1627 3504 anim.H2

273 3555 300 3607 p.
313 3536 402 3591 58314
426 3535 538 3590 πλεῖστον
560 3536 605 3605 χάρ
627 3534 662 3595 ὡς
684 3536 750 3587 κατὰ
772 3535 801 3589 τὸ
825 3535 928 3605 μέγεθος
948 3536 1034 3606 ἀφίησι
1052 3537 1149 3604 σπέρμα
1165 3542 1219 3605 Ιτῶν
1238 3536 1321 3589 ἀλλων
1340 3539 1412 3608 ζῴων
1431 3537 1563 3610 ἅνθρωπος
1580 3537 1628 3603 (διὸ

274 3627 317 3678 καὶ
334 3623 459 3678 λειότατον
476 3630 528 3677 τῶν
546 3624 620 3693 ζῴων
638 3623 703 3677 ἐστίν
721 3622 870 3694 ἄνθρωπος),
889 3625 933 3676 καὶ
951 3622 1035 3675 αὐτῶν
1053 3621 1072 3674 δ’
1088 3624 1111 3675 ο1
1129 3623 1256 3697 ὑγρότεροι
1274 3626 1318 3684 τάς
1336 3625 1420 3696 φόσεις
1439 3627 1532 3696 καὶμὴ
1551 3625 1628 3680 πολίν·

274 3728 362 3784 σαρκυι
379 3712 442 3779 λίαν,
459 3713 503 3764 καὶ
521 3711 544 3765 οἱ
561 3710 702 3781 λευκότεροι
720 3711 747 3764 δὲ
764 3718 816 3764 τῶν
834 3711 948 3780 μελάνων
966 3713 1000 3774 (ι.
1013 3712 1031 3763 1.
1044 3711 1195 3783 πολόσαρκοι
1212 3712 1272 3765 λεῖοι
1290 3715 1333 3765 καὶ
1350 3713 1490 3784 λευκότεροι
1508 3720 1560 3766 τῶν
1576 3714 1627 3780 01)

204 3860 206 3865 ,
276 3799 308 3852 13
331 3801 354 3853 ot
371 3798 462 3869 δασεῖς]
481 3801 562 3852 Arist.
575 3815 661 3869 gener.
674 3799 753 3850 anim.
766 3795 814 3851 A5
834 3815 860 3867 p.
874 3798 963 3851 77411
989 3805 1040 3851 τῶν
1058 3798 1200 3869 ἀνθρώπων
1218 3801 1241 3852 ο1
1259 3800 1338 3859 δασεῖς
1357 3801 1565 3871 ἀφροδισιαστικοὶ
1584 3801 1627 3854 καὶ

273 3886 441 3959 πυλόσπερμοι
458 3887 552 3957 μᾶλλόν
570 3887 615 3940 είσι
632 3893 684 3940 τῶν
701 3885 783 3940 λείων.
814 3885 846 3938 cf.
863 3886 946 3956 probl.
959 3883 979 3938 Δ
991 3886 1023 3938 31
1043 3904 1068 3956 p.
1081 3887 1189 3941 880134
1309 3889 1340 3940 14
1363 3889 1386 3941 ο1
1404 3888 1527 3958 γέροντες]
1547 3890 1627 3941 Arist.

275 3992 360 4045 gener.
373 3977 452 4029 anim.
464 3973 485 4028 Δ
497 3974 512 4027 2
530 3991 556 4044 p.
566 3973 674 4028 766123
692 3976 724 4026 τά
741 3992 768 4026 τε
785 3973 831 4044 γὰρ
850 3974 893 4025 νέα
911 3970 1039 4043 θηλυτόκα
1052 3975 1146 4043 μᾶλλον
1158 3982 1210 4029 τῶν
1223 3976 1396 4043 ἀκμαζόντων,
1414 3978 1457 4029 καὶ
1470 3978 1628 4047 γηράσκοντα

274 4062 368 4131 μᾶλλον
475 4062 507 4116 15
528 4063 551 4116 οἱ
567 4062 600 4115 τὰ
617 4059 711 4133 στήθη]
730 4062 810 4115 Arist.
823 4061 991 4129 physiogn.6
1010 4079 1035 4131 p.
1048 4062 1157 4115 812117
1176 4064 1199 4116 οί
1218 4065 1249 4116 τὰ
1268 4062 1348 4136 στήθη
1368 4064 1429 4134 ψιλὰ
1446 4064 1508 4134 ἀχαν
1527 4064 1627 4135 ἔχοντες

274 4150 391 4210 ἀναιδεῖς·
415 4142 563 4222 ἀναφέρέται
584 4151 624 4203 1π1
644 4151 689 4208 τὰς
708 4155 826 4218 γυναῖκας
958 4148 989 4201 16
1012 4156 1064 4202 τῶν
1086 4151 1246 4221 κατακόρως]
1269 4153 1348 4223 11ιί51.
1363 4169 1449 4221 gener.
1465 4155 1544 4205 anim.
1558 4151 1581 4205 A
1595 4152 1626 4205 13

265 4225 300 4307 φ.
312 4238 402 4290 72617
426 4237 485 4292 όταν
507 4256 544 4297 τις
566 4237 742 4309 προσβιάζηται
765 4235 895 4295 πλεονάκις
913 4236 1042 4307 χρώμενος
1060 4241 1098 4308 τῷ
1117 4239 1308 4308 ἀφροδισιάζειν,
1331 4240 1401 4298 ἐνίοις
1420 4241 1559 4307 αἱματῶδες
1577 4240 1626 4311 ήδη
1709 4232 1714 4239 ’

273 4323 442 4398 προελήλυθεν
601 4324 624 4377 οἱ
647 4323 758 4397 ἀραιοδς]
783 4325 863 4376 Arist.
880 4325 940 4376 hist.
957 4326 1037 4376 anim.
1050 4321 1101 4378 Β3
1122 4343 1148 4394 p.
1161 4326 1269 4378 501122
1294 4325 1346 4380 ὅσοι
1370 4326 1396 4380 δὲ
1421 4327 1518 4387 πλείους
1542 4328 1628 4399 ἔχουσι

273 4413 405 4480 (ὀδόντας),
422 4412 621 4484 μακροβιώτεροι
638 4411 673 4471 ὡς
692 4413 731 4466 ἐπὶ
749 4411 777 4464 τδ
796 4410 859 4464 πολό
878 4412 944 4478 εἰσιν,
962 4413 985 4465 ο1
1003 4411 1023 4464 δ’
1039 4412 1154 4472 ἐλάττους
1173 4415 1216 4467 καὶ
1234 4414 1387 4487 ἀραιόδοντες
1405 4414 1440 4475 ὡς
1458 4416 1498 4469 ἐπὶ
1514 4415 1544 4469 τό
1562 4415 1627 4470 πολδ

274 4500 480 4572 βραχυβιώτεροι.
510 4501 543 4554 σί.
560 4501 643 4569 probl.
656 4497 714 4553 148
734 4516 760 4568 p.
773 4498 883 4552 836130

274 4608 450 4615 -—·--———·
470 4610 601 4615 —.—
618 4611 621 4615 .

276 4659 289 4710 1
315 4656 399 4729 ὀχείαν
417 4659 521 4725 scripsi:
546 4656 641 4734 ωχρίαχ
658 4658 679 4711 Ρ
825 4655 841 4708 5
865 4655 970 4725 χλαυκαὶ
988 4656 1022 4709 P:
1047 4657 1176 4710 desideres
1195 4657 1281 4711 λευκαὶ
1301 4659 1344 4724 (cf.
1364 4659 1444 4713 Arist.
1463 4677 1541 4730 supra
1562 4662 1627 4729 cit.),

276 4745 321 4800 sed
339 4742 580 4814 ef.problem.111
601 4762 626 4814 p.
638 4744 725 4798 83211
745 4743 784 4797 6ιά
801 4744 826 4797 τί
841 4744 864 4796 ο1
883 4743 966 4797 λευκοὶ
984 4742 1111 4814 ἅνθρωποι
1129 4747 1172 4798 καί
1189 4746 1259 4799 ίπποι
1277 4746 1312 4805 ὡς
1330 4748 1412 4801 1π1τδ
1431 4747 1493 4800 πολὺ
1511 4748 1627 4816 γλαυκοί;

275 4833 291 4886 6
315 4832 427 4901 μέλαιναι
444 4832 560 4902 Sauppe:
585 4833 727 4903 μίλανεςΡ
841 4831 942 4901 ἥττονες
960 4832 994 4885 P:
1019 4849 1053 4885 πυ
1071 4833 1146 4903 ἧττον
1165 4836 1277 4903 itemque
1295 4852 1319 4886 τ.
1333 4833 1366 4887 71
1484 4836 1515 4889 15
1542 4836 1624 4909 στήθη

276 4924 340 4988 (non
357 4919 486 4993 στῆθα)Ρ
586 4921 616 4973 16
639 4921 700 4990 αίμα
718 4921 820 4974 addidit
836 4920 904 4972 Rosa
1027 4921 1126 4991 ἀραιοδς
1143 4924 1224 4975 Rose:
1250 4924 1374 4993 ἀρεοδςΡ
