3524 5596
203 307 244 373 68
361 309 613 362 ARISTOPHANIS
633 308 815 363 HISTORIAE
835 308 1026 362 ANIMALIUD
1045 307 1193 361 EPITOME
1212 309 1235 362 ΙΙ
1258 308 1403 362 125-127

255 484 339 543 ναίκα
359 481 407 545 ἐπ’
424 482 589 569 αὐτοφώρῳ
605 485 787 565 καταλαβών,
808 481 843 545 δι’
861 484 1032 567 ἀμφοτέρων
1050 484 1171 567 θάτερον
1186 484 1285 566 πείρας
1299 490 1359 547 τοῖν
1375 486 1505 568 κεράτοιν

257 583 405 649 ἀπέκτεινε
427 587 474 648 καί
491 587 539 648 τὸν
555 587 658 670 μοιχὸν
681 587 730 649 καί
749 587 802 670 τήν
822 585 1033 670 μοιχευομένην
1057 587 1104 649 καὶ
1120 584 1201 649 εἴασε
1222 587 1337 649 κεῖσθαι
1360 588 1433 651 κατὰ
1448 592 1506 649 τῶν

188 679 190 682 ’
258 686 435 771 στρῶμάτων
462 692 519 750 τῶν
543 689 721 773 ὑβρισμένων
747 689 795 752 καί
817 693 870 772 τῆς
891 688 977 772 εὐνῆς
1002 693 1054 772 τῆς
1076 688 1295 772 πεπατημένης,
1322 693 1363 758 ώς
1384 686 1507 751 ἐλθόντα

257 789 304 851 τόν
334 791 485 873 πωλευτὴν
516 796 694 874 καταγνῶναι
727 791 776 854 καί
805 791 837 853 τό
868 791 997 875 ἀδίκημα
1030 792 1078 854 καί
1107 791 1155 853 τόν
1189 794 1394 876 τιμωρήσαντα
1422 790 1504 876 αὐτῷ

228 896 399 976 σγνωρίσαι.
432 894 492 956 ’καί
514 897 597 958 τοῦτο
621 895 673 979 μὲν
692 891 806 957 Ἰνδικὸν
830 894 861 956 τό
885 891 982 977 ἔργον,
1011 893 1123 957 ἐκεῖθεν
1152 894 1184 956 δὲ
1211 894 1379 980 έίεφοίτησε
1401 896 1505 977 ’δεῦρο’

255 994 355 1058 ἀκούω
370 996 402 1059 δὲ
424 997 472 1059 καὶ
495 996 543 1059 ἐπὶ
559 994 657 1060 Τόπου
676 993 832 1079 Ῥωμαίων
855 990 1066 1080 βασιλεύοντος,
1089 997 1193 1080 ἀνδρὸς
1208 1001 1299 1061 καλοῦ
1319 999 1367 1060 καὶ
1383 996 1506 1078 ἀγαθοῦ,

255 1096 285 1159 ἐν
307 1103 346 1181 πή
366 1095 473 1182 Ῥώμη
496 1098 583 1161 ταότδ
605 1097 757 1182 γεγονέναι.
803 1098 992 1182 προστιθέασι
1013 1100 1045 1161 δέ
1068 1097 1111 1161 ότι
1133 1099 1190 1183 ἀρα
1213 1100 1228 1161 ό
1252 1099 1379 1162 ἐνταῦθα
1400 1097 1507 1182 ἐλέφας

255 1199 405 1264 ἀπέκτεινε
428 1202 479 1285 μὲν
500 1200 682 1286 ἀμφοτέρους
704 1202 752 1264 καί
774 1201 804 1263 ἐν
824 1202 929 1286 ίματίῳ
949 1202 1139 1286 κατεκαλυψε,
1155 1202 1202 1264 καί
1218 1200 1333 1266 ἐλθόντι
1347 1205 1389 1287 τῷ
1405 1203 1510 1286 τροφεῖ

255 1301 412 1388 ἀποβαλὼν
435 1305 467 1368 τό
484 1305 596 1388 ἱμάτιον
619 1304 769 1385 κειμένους
784 1304 920 1388 ἀλλήλων
940 1305 1061 1387 πλησίον
1078 1303 1207 1373 ἀπέδειξε
1229 1305 1277 1367 καί
1299 1305 1332 1368 τδ
1355 1303 1441 1389 κέρας
1463 1303 1505 1378 δέ,

216 1420 243 1465 10
258 1399 339 1491 ᾧπερ
363 1403 413 1469 οὐν
436 1407 574 1492 διέπειρεν
597 1405 711 1480 αὐτούς,
734 1407 888 1470 καὶτοῦτο
911 1403 1079 1491 ᾑμαγμένον
1103 1407 1225 1490 ἑωρᾶτο.

339 1507 434 1592 (126)
465 1508 532 1573 Τῶν
555 1507 761 1594 τεθηραμένων
783 1508 947 1592 ἐλεφάντων
968 1509 1067 1573 ίῶνται
1086 1509 1122 1572 τά
1144 1512 1293 1594 τραύματα
1316 1511 1343 1572 οί
1358 1507 1439 1573 Ἰνδοί
1457 1509 1506 1571 τόν

254 1610 358 1697 τρόπον
382 1615 492 1675 τοῦτον.
530 1616 711 1676 καταιονούσι
735 1611 787 1694 μὲν
802 1610 876 1675 αότά
899 1612 979 1675 ύδατι
993 1616 1127 1697 1χλιαρῷ,
1150 1611 1154 1698 ί
1176 1613 1273 1697 ώσπερ
1297 1611 1347 1676 οὐν
1368 1614 1402 1677 τδ
1424 1615 1562 1675 τοῦτατυι

255 1712 426 1799 Εὐρυπύλου
453 1714 532 1799 παρὰ
558 1719 601 1800 τῷ
628 1716 711 1801 καλῳ
734 1711 858 1800 Ὁμήρῳ
884 1715 900 1777 ύ
924 1715 1104 1799 Πάτροκλος·
1137 1715 1201 1779 εἶτα
1227 1714 1322 1797 μέντοι
1345 1716 1506 1801 διαχρίουσι

254 1822 297 1903 τῷ
321 1817 453 1902 βουτύρῳ
475 1818 558 1882 αὐταί.
596 1818 646 1880 ἐάν
668 1813 742 1901 δἐή
769 1817 873 1902 βαθέα,
895 1817 947 1901 τήν
963 1820 1125 1902 φλεγμονὴν
1149 1820 1322 1903 πραΰνουσιν
1345 1818 1409 1881 ύεια
1424 1818 1504 1902 κρέα,

215 1934 241 1980 15
257 1920 350 2004 θερμὰ
374 1920 436 2005 μέν,
459 1919 562 2004 ἔναιμα
585 1922 617 1983 δὲ
639 1918 681 1983 ἔτι
698 1918 908 2004 προσφέροντες
930 1920 1158 1996 καίέντιθέντες.
1196 1921 1263 1991 τούς
1285 1922 1318 1984 δὲ
1333 1920 1504 2006 ὀφθαλμούς

256 2022 462 2107 θεραπεύουσιν
485 2023 580 2087 αὐτῶν
604 2022 697 2107 βόειον
719 2024 794 2104 γάλα
816 2022 1004 2100 ἀλεαίνοντες,
1028 2023 1091 2087 εἶτα
1113 2023 1211 2093 αὐτοῖς
1233 2023 1399 2109 ἐγχέοντες,
1422 2025 1449 2086 οί
1472 2025 1505 2086 δέ

255 2127 400 2208 ἀνοίγουσι
414 2127 449 2189 τά
465 2125 605 2212 βλέφαρα,
628 2124 702 2209 (καί)
725 2125 924 2209 ὠφελούμενοι
939 2127 1057 2210 ήδονταί
1071 2151 1102 2189 τε
1124 2128 1172 2191 καί
1187 2126 1382 2203 αἰσθάνονται,
1405 2127 1504 2210 ῶσπερ

255 2228 414 2312 ἅνθρωποι.
459 2229 508 2292 καί
533 2229 574 2297 είς
599 2233 734 2311 τοσούτου
761 2227 960 2298 ἐπικλύζουσιν
987 2229 1027 2297 εἰς
1054 2227 1121 2291 ύσον
1149 2227 1182 2291 ἂν
1208 2229 1434 2293 ἀποπαύσωνται
1456 2235 1505 2313 λη-

257 2336 376 2415 μῶντες.
421 2331 573 2417 μαρτύριον
596 2332 629 2394 δὲ
651 2335 701 2414 τοῦ
725 2329 892 2394 παύσασθαι
917 2331 969 2413 τήν
996 2330 1162 2415 ὀφθαλμίαν
1188 2332 1273 2396 τούτό
1296 2332 1366 2395 ἐστι.
1410 2331 1446 2395 τὰ
1474 2332 1506 2394 δὲ

215 2449 243 2494 νο
256 2435 407 2518 νοσήματα
430 2433 485 2498 ύσα
506 2433 604 2503 αὐτοῖς
626 2433 797 2516 προσπίπτει
820 2431 931 2509 άλλως,
959 2433 975 2494 ό
999 2432 1088 2516 μέλας
1110 2433 1185 2504 οἶνος
1206 2433 1304 2503 αὐτοῖς
1326 2434 1401 2497 ἐστιν
1424 2433 1503 2503 ἄκος.

256 2537 282 2599 εί
305 2537 337 2600 δὲ
361 2538 401 2620 μὴ
417 2537 526 2618 γένοιτο
549 2536 667 2620 ἐξάντης
688 2540 740 2598 τού
755 2539 846 2598 κακοῦ
868 2540 912 2620 τῷ
930 2538 1076 2621 φαρμάκῳ
1099 2537 1203 2623 τούτῳ,
1228 2537 1348 2600 άσωστά
1370 2537 1402 2600 οί
1419 2537 1505 2601 ἐστιν.

342 2639 435 2722 (127)
467 2636 621 2725 Ἐλέφαντι
646 2638 669 2721 ή·
696 2640 747 2722 μέν
776 2638 901 2722 ἀγελαίην
931 2638 964 2700 δὲ
993 2639 1149 2721 είθισμένω
1176 2663 1208 2723 γε
1233 2641 1290 2724 μήν
1318 2640 1394 2724 ύδωρ
1425 2638 1505 2722 πόμα

256 2740 331 2804 ἐστί·
366 2747 409 2827 τῷ
437 2742 476 2804 δέ’
496 2742 538 2812 είς
565 2741 691 2826 πόλεμον
719 2743 855 2804 ἀθλούντι
882 2739 957 2809 οἶνος
985 2739 1052 2821 μέν,
1079 2741 1112 2804 οὐ
1142 2743 1198 2826 μὴν
1226 2743 1242 2806 ό
1270 2748 1327 2806 τῶν
1356 2742 1506 2825 ἀμπέλων,

256 2844 319 2906 ἐπεὶ
342 2845 389 2907 τδν
413 2845 464 2926 μὲν
488 2845 518 2914 ἐξ
540 2844 646 2928 ὀρύζης
668 2848 878 2928 χειρουργοόσι,
901 2845 948 2906 τὸν
972 2843 1004 2906 δὲ
1026 2844 1060 2907 ἐκ
1082 2847 1222 2929 καλάμου.
1264 2845 1381 2930 προΐασι
1404 2846 1436 2909 δέ
1458 2847 1506 2909 καί

215 2963 242 3008 ‘25
256 2949 332 3031 ἄνθη
361 2947 455 3032 σφίσιν
483 2947 679 3030 ἀθροίσοντες·
713 2947 769 3009 είσί
795 2948 850 3030 γὰρ
878 2947 997 3030 ἐρασταί
1023 2946 1159 3023 εὐωδίας,
1187 2950 1234 3011 καί
1261 2947 1379 3030 ἀγονταί
1400 2972 1432 3030 γε
1459 2949 1506 3011 ἐπὶ

257 3051 323 3121 τούς
345 3053 488 3132 λειμῶνας
511 3046 586 3132 [καί]
610 3049 689 3132 ὀσμῇ
713 3050 971 3133 πωλευθησόμενοι
993 3055 1029 3133 τῇ
1053 3050 1169 3133 ήδίστη.
1211 3052 1258 3113 καὶ
1281 3052 1297 3113 ό
1321 3051 1372 3134 μὲν
1396 3051 1506 3133 ἐκλέγει

256 3155 352 3239 κρίνας
374 3158 411 3236 τή
435 3152 576 3236 ὀσφρήσει
598 3152 630 3214 τὸ
654 3151 751 3232 άνθος,
773 3153 896 3235 τάλαρον
917 3153 949 3214 δὲ
972 3150 1050 3237 ἔχων
1072 3153 1256 3236 όπωλευτίης
1278 3159 1438 3236 τρυγῶντος
1459 3155 1507 3216 καὶ

256 3258 450 3341 ἐμβαλλοντος
472 3253 585 3338 ὑπέχει,
621 3253 685 3317 εἶτα
708 3254 775 3317 όταν
791 3254 930 3338 ἐμπλήση
946 3259 1056 3332 τοῦτον,
1079 3258 1177 3340 ὥσπερ
1201 3253 1250 3318 οὐν
1267 3256 1385 3340 ὀπώρας
1406 3256 1506 3340 δρεπό-

206 3514 236 3566 ll
259 3518 311 3565 τῶν
329 3509 517 3582 τεθηραμίνων]
537 3511 593 3562 Αοί.
606 3515 661 3562 nat.
674 3512 752 3563 anim.
764 3511 827 3563 XIII
842 3510 857 3561 ’ί
875 3513 911 3577 (p.
924 3508 1154 3576 321,25-322,8
1172 3510 1274 3575 Ηετιίι.)
1382 3510 1414 3562 22
1433 3509 1559 3580 ἐλέφαντι]

203 3601 260 3654 Αεί.
278 3600 296 3651 l
311 3616 332 3653 c.
346 3599 439 3653 Χίίίθ
457 3602 493 3667 (ρ.
505 3598 664 3665 322,9-31
687 3599 789 3662 Ηετυίι.)

205 3843 216 3894 l
238 3841 322 3913 πείρας
340 3842 410 3894 Aah:
432 3841 513 3911 πήρας
531 3842 567 3892 D:
590 3839 648 3898 διεὶς
666 3839 779 3893 Horeher
884 3838 900 3892 3
924 3839 1079 3909 στρωμάτων
1097 3839 1165 3892 Ae1.:
1190 3839 1356 3907 σωμάτωνΙ)
1457 3837 1473 3891 5
1496 3856 1560 3908 γνω·

203 3929 267 3999 ρίσαι
285 3929 354 3982 Λελι
377 3928 497 3999 γνωρίσας
516 3927 548 3992 (ί)
569 3928 602 3979 D:
627 3928 739 3979 Hercher
758 3931 804 3979 aut
821 3934 979 3997 καταγνῶναι
997 3930 1042 3978 aut
1059 3927 1175 3995 γνωρίσαι
1194 3927 1395 3994 expungendum
1414 3931 1503 3978 censet

200 4013 300 4069 Ἰνδικὸν
318 4017 388 4069 Λολι
414 4014 555 4068 ίνδικῶνΙ)
667 4014 682 4066 6
706 4014 785 4067 τόπου
803 4016 840 4068 sic
861 4015 881 4066 D
901 4015 969 4067 Λαίς
994 4011 1069 4066 Τίτου
1088 4019 1148 4066 rest.
1167 4014 1314 4067 Gronovius
1421 4010 1559 4081 Ῥωμαίων

204 4102 372 4174 βασιλεύοντος
391 4103 486 4156 delevit
504 4101 616 4154 Herchor
755 4102 770 4154 7
795 4103 820 4154 ἐν
840 4102 876 4153 D:
901 4103 944 4155 καὶ
962 4101 988 4154 ἐν
1007 4102 1067 4154 libri
1085 4101 1155 4166 Ael.‚
1174 4102 1219 4154 sod
1238 4102 1280 4153 καί
1298 4101 1394 4154 delevit
1412 4103 1525 4154 Dercher

202 4190 293 4243 ταύτόν
311 4192 368 4244 Λυί.
485 4187 571 4242 ἐνθάδε
589 4189 646 4242 Αεί.
761 4189 777 4242 8
801 4191 929 4242 ἀπέκτεινε
947 4190 992 4259 μὲν
1011 4189 1032 4240 D
1052 4190 1121 4241 Λολι
1145 4188 1286 4241 ἀπέκτεινεν
1304 4189 1417 4241 Hercher
1534 4189 1559 4241 ἐν

203 4279 298 4331 delevit
316 4279 428 4332 Herchel·
463 4277 469 4290 '
556 4276 571 4328 9
594 4278 722 4345 κειμένους
740 4276 857 4346 ἀλλήλων
876 4278 946 4330 Ael.:
971 4277 1086 4345 κειμένου
1103 4274 1206 4345 ἀλλήλω
1225 4277 1247 4327 D
1376 4276 1482 4336 ἐπέδειξε
1500 4291 1558 4344 pro·

203 4366 278 4433 ponit
296 4365 407 4418 Hercher
515 4365 546 4417 12
565 4366 772 4418 καταιωνοῡοιί)
881 4365 912 4415 14
934 4368 971 4433 τῳ
990 4366 1011 4417 D
1031 4365 1100 4418 Ael.:
1123 4365 1218 4417 delevit
1236 4365 1347 4417 Hercher
1455 4365 1485 4417 15
1502 4365 1560 4422 τοὺς

202 4450 229 4504 δὲ
247 4450 392 4521 ὀφθαλμούς
409 4453 445 4505 D:
467 4453 512 4511 τὰς
530 4452 555 4506 δὲ
575 4451 715 4523 ὀφθαλμίας
734 4452 791 4505 Αοί.
925 4452 956 4504 17
980 4453 1023 4505 καί
1041 4452 1131 4504 addidi
1150 4469 1182 4505 ex
1201 4451 1310 4504 Aeliano
1444 4451 1474 4504 18
1498 4451 1559 4503 ὀπο-

203 4537 345 4592 παύσωνται
364 4540 434 4592 Aah:
460 4539 602 4593 ύποπαύοον
622 4541 643 4593 D
777 4539 811 4593 20
835 4540 981 4610 προσπίπτει
999 4540 1069 4593 ML:
1094 4539 1279 4608 προοπίπτοιί)
1412 4538 1476 4596 οίνός
1495 4538 1559 4590 ἐστιν

203 4625 286 4684 αὐτοῖς
305 4627 361 4680 Αεί.
459 4626 491 4678 21
510 4625 593 4696 τούτῳ
611 4628 645 4679 D:
663 4626 726 4698 τῷδε
744 4627 801 4680 Αοί.
899 4627 933 4679 22
952 4628 997 4696 μὲν
1015 4626 1121 4696 ἀγελαίῳ
1139 4625 1174 4691 δέ,
1193 4623 1324 4695 είθισμίνω
1341 4628 1380 4680 sic
1396 4627 1432 4678 D:
1452 4625 1558 4696 ἀγελαίῳ

203 4715 248 4784 μίν
262 4712 392 4784 είθισμένῳ
409 4711 616 4783 [τιτιθασιυμένῳ
631 4720 692 4768 rest.
704 4713 809 4783 Reisko]
824 4714 879 4766 Αοί.
966 4716 1044 4783 πώμά
1059 4715 1170 4767 Πειοίιοτ
1257 4714 1290 4766 23
1307 4713 1352 4783 είς]
1365 4714 1396 4767 τὰ
1409 4715 1434 4771 ἐς
1447 4714 1560 4766 Ηοιοίιοι

204 4801 238 4853 24
261 4801 286 4862 ἐξ
305 4801 393 4872 ὀρύζης
412 4801 481 4853 Αυλι
506 4801 624 4872 ίξορύζτις
644 4803 664 4855 D
788 4802 821 4853 25
845 4802 924 4871 σφίσιν
942 4800 1096 4872 ἀθροίσοντες
1115 4802 1184 4854 Αοί.;
1208 4802 1273 4871 φίσιν
1291 4800 1447 4871 ἀθροίσαντες
1467 4802 1487 4853 D

204 4887 237 4941 26
261 4886 326 4961 ὀσμή
346 4889 415 4941 Aah:
438 4889 483 4941 καὶ
500 4888 565 4960 ὀσμή
585 4890 606 4941 Ι)
713 4889 747 4942 28
771 4888 920 4960 ἐμβαλοντος
939 4890 960 4942 D
1068 4888 1170 4960 ὀπώρας
1187 4890 1222 4943 D:
1246 4888 1348 4960 ὀπώραν
1366 4889 1423 4943 λεί.
