3510 5610
639 307 850 363 sororronns
869 309 916 361 an
935 307 1115 361 cnosnomr
1511 298 1551 364 73

253 481 404 562 dundare3
439 482 620 566 respiciente
651 490 756 546 arrtern
782 482 814 545 in
841 502 982 545 oceasum
1013 480 1212 543 coinclinarc:
1246 479 1365 559 hocque
1399 475 1499 557 ipsum
1518 485 1562 543 5ss

251 586 350 647 lacere
378 592 409 648 et
435 586 491 649 sub
526 572 640 648 terram
667 584 741 648 luna
768 585 902 681 apeunte
936 606 990 668 per
1021 583 1156 666 singulos
1183 582 1257 644 dies.
1302 577 1498 643 menstrualis

253 709 375 770 quoque
397 687 484 751 uerbi
507 687 606 770 gratia
629 687 805 749 influxionis
827 687 859 750 in
883 708 1030 769 magnum
1052 685 1244 770 procedentis
1259 705 1352 748 causa
1368 703 1402 746 eo
1419 679 1501 764 quod
1518 692 1566 750 5'l2

254 797 285 852 et
306 789 399 853 lunae
422 790 608 874 respondent
636 811 715 873 quae
740 795 813 853 sunt
834 791 968 853 uirtutis.
1013 790 1095 853 unde
1117 789 1149 852 in
1173 788 1343 872 plenilunio
1366 790 1397 850 et
1419 787 1501 849 ooitu
1515 800 1543 842 4⁰

225 892 412 956 oextollitur
434 893 569 956 maxime
593 892 685 969 unda,
709 894 855 976 quoniam
879 902 909 956 et
931 893 1023 956 lunae
1046 900 1121 956 tunc
1142 913 1254 974 magna
1276 891 1363 954 adest
1387 890 1500 952 uirtus:

252 996 285 1058 in
309 995 479 1080 plenilunio
502 996 584 1059 enim
608 1003 709 1059 totum
732 997 798 1060 eius
821 996 852 1059 in
872 1002 987 1059 terram
1002 1017 1184 1059 conuersum
1202 994 1298 1058 asole
1314 994 1500 1070 illustratum

253 1099 286 1161 in
308 1098 389 1161 coitu
413 1104 518 1162 autem
541 1098 718 1161 illuminata
739 1098 870 1182 desuper
891 1120 910 1161 a
930 1098 994 1161 sole
1017 1099 1180 1180 aequalem
1203 1099 1236 1160 in
1258 1118 1295 1160 ea
1322 1117 1401 1179 quae
1428 1101 1502 1159 sunt

253 1200 285 1262 in
308 1207 391 1263 terra
414 1202 563 1264 uirtutem
587 1200 773 1285 plenitudini
799 1207 950 1285 praestat3
980 1200 1159 1263 dimidiatae
1187 1221 1260 1264 uero
1288 1200 1435 1264 obscurae
1463 1197 1502 1260 ad

253 1302 347 1366 maris
370 1305 554 1387 passionem.
598 1303 802 1387 similiterque
825 1310 856 1366 et
874 1305 932 1367 sub
949 1311 1062 1367 terram
1078 1305 1212 1367 abeunte
1227 1322 1412 1386 unaquaque
1428 1302 1503 1363 luna

214 1421 240 1464 10
254 1408 329 1471 nihil
352 1407 462 1470 minus
479 1406 565 1470 adest
588 1407 698 1470 [luctus
722 1407 753 1469 in
776 1406 892 1484 ordino,
916 1407 1095 1489 etquidem
1118 1429 1136 1470 a
1158 1408 1233 1470 luna
1255 1404 1503 1486 eademratione

254 1515 385 1573 exertus.
430 1517 461 1572 et
483 1529 607 1572 causam
634 1531 699 1572 esse
726 1509 770 1576 ait
796 1510 972 1573 eontluxum
997 1510 1062 1573 lieri
1085 1509 1178 1572 otiam
1200 1508 1382 1571 circularem
1404 1521 1544 1589 aquaem

253 1618 411 1675 naturam:
435 1612 540 1696 itaque
556 1611 639 1674 unda
662 1612 747 1694 quasi
772 1611 916 1693 infigura
937 1612 1102 1694 semieyclii
1127 1613 1208 1675 elata
1229 1611 1369 1694 sequitur
1383 1608 1501 1672 lunam.

253 1715 458 1800 similiterque
481 1736 673 1798 perannum
695 1713 849 1776 uenientis
871 1736 1009 1778 accessus
1035 1716 1109 1779 luna
1129 1715 1163 1778 in
1186 1712 1388 1798 aequinoctiis
1411 1733 1503 1775 causa

157 1844 163 1853 ·
254 1825 312 1881 est:
341 1818 373 1882 in
402 1818 540 1900 utrisque
567 1817 651 1880 enim
673 1817 735 1880 solo
759 1817 910 1881 existento
931 1817 963 1881 in
986 1819 1093 1881 Ariete
1115 1824 1171 1881 aut
1193 1816 1331 1880 Brachiis
1354 1824 1385 1878 et
1409 1815 1503 1877 lunae
1539 1866 1542 1872 .

213 1935 240 1980 ιο
254 1923 286 1985 in
309 1921 416 1985 eadem
438 1921 513 1984 hora
534 1939 647 2000 magna
670 1924 716 1982 est
737 1919 836 1982 uirtus
859 1921 997 1984 coeuntis
1016 1921 1088 1999 soli3
1112 1943 1147 1984 ac
1163 1921 1299 2004 perlae,
1321 1918 1394 1980 siin
1410 1917 1501 1980 alter·

252 2031 324 2088 utra
344 2022 618 2107 aequinoctialium
640 2021 809 2084 formarum
831 2023 871 2085 sit
891 2024 1113 2108 plenilunium,
1140 2024 1272 2087 ducente
1299 2023 1332 2085 in
1360 2041 1396 2083 ea
1424 2040 1502 2104 quae

253 2133 299 2190 est
320 2148 336 2190 e
358 2127 520 2190 contrario.
564 2125 713 2207 Magnum
735 2144 856 2207 quoque
880 2146 964 2190 mare
987 2127 1207 2211 aequinoctiali
1222 2125 1357 2190 maxime
1374 2121 1502 2186 dillundi

254 2230 339 2312 cyclo
362 2228 537 2292 confitetur.
581 2226 657 2290 luna
679 2247 815 2309 namquo
837 2234 913 2292 tunc
936 2239 1066 2293 coeunte
1087 2230 1145 2301 soli
1168 2235 1222 2292 aut
1244 2228 1335 2312 plena
1352 2227 1545 2289 existentem

253 2336 284 2394 et
305 2352 398 2415 super
420 2330 568 2393 uerticem
599 2329 707 2413 pelago
740 2329 886 2412 imposita
912 2332 996 2395 unda
1024 2331 1161 2395 maxime
1188 2332 1343 2394 eleuatur:
1378 2329 1502 2413 qnando

212 2448 241 2492 ao
254 2455 326 2499 uero
349 2434 412 2497 alia
433 2433 520 2516 signa
544 2432 663 2495 obtinet
684 2432 740 2511 sol,
763 2446 838 2496 tunc
861 2433 989 2497 ueniens
1009 2433 1043 2497 in
1056 2435 1198 2497 Arietem
1213 2440 1268 2497 aut
1282 2432 1414 2496 Brachia
1429 2432 1504 2495 luna

251 2557 352 2620 neque
374 2536 466 2620 plena
489 2543 535 2599 est
557 2556 659 2618 neque
680 2536 738 2599 soli
761 2536 831 2600 coit.
876 2557 965 2620 posse
992 2543 1099 2600 autem
1125 2537 1182 2601 hoc
1210 2537 1311 2620 ipsum
1339 2542 1370 2599 ot
1396 2535 1504 2598 horam

254 2639 327 2702 anui
351 2660 390 2702 ex
413 2643 524 2701 natura
546 2638 654 2701 lunae:
685 2638 785 2701 calida
808 2638 891 2702 enim
913 2645 960 2703 est
982 2646 1013 2703 et
1035 2639 1155 2718 umida,
1183 2647 1213 2703 ot
1235 2640 1292 2702 hac
1315 2639 1430 2703 uirtute
1453 2659 1504 2701 ex-

252 2741 373 2805 tollitur
388 2740 481 2803 uuda.
512 2740 601 2803 iuxta
616 2740 672 2804 hoc
688 2761 810 2824 quoque
826 2741 923 2805 hiems
939 2741 1065 2826 quidem
1081 2741 1222 2805 umidum
1237 2742 1387 2826 sequitur,
1403 2747 1504 2805 aestas

252 2865 326 2908 uero
349 2843 454 2908 umido
477 2843 679 2922 contrarium3
707 2864 764 2906 uer
790 2850 895 2907 autom
918 2849 949 2908 et
971 2851 1141 2908 autumnus
1163 2843 1304 2908 umidum
1327 2848 1504 2907 mensurate

211 2961 239 3007 25
253 2956 284 3013 et
306 2946 450 3010 calidum.
495 2946 600 3028 itaque
624 2951 655 3008 et
676 2945 752 3008 luna
774 2945 821 3008 his
843 2947 1023 3010 simillima..
1058 2947 1145 3030 atqui
1167 2947 1275 3010 adulta
1297 2946 1545 3010 redundantiam

252 3048 436 3113 meridiante
458 3048 547 3127 luna,
575 3046 766 3131 addeturque
789 3050 890 3113 adhuc
912 3050 1010 3133 magis
1032 3049 1200 3113 terminum
1223 3071 1418 3133 supergressa
1439 3071 1503 3113 me-

253 3152 353 3216 dium:
376 3152 523 3235 utrinque
546 3149 629 3214 enirn
644 3150 778 3215 statione
793 3152 891 3235 magis
907 3153 1017 3237 copula
1032 3152 1125 3216 lunae
1140 3152 1279 3215 fortiores
1293 3158 1376 3215 sunt.
1422 3151 1503 3216 unde

199 3392 215 3447 3
243 3392 317 3445 uerbi
337 3392 421 3460 gralia
442 3391 485 3456 0¹,
508 3402 533 3441 ut
547 3390 675 3457 perspexit
694 3389 822 3441 Duedncr:
846 3398 919 3457 grate
940 3392 975 3441 (1¹²
997 3392 1035 3458 (·e
1053 3393 1079 3442 in
1097 3410 1147 3442 ras.
1166 3403 1188 3442 et
1206 3391 1223 3442 4
1242 3393 1286 3442 lio.
1306 3402 1360 3441 unte
1379 3397 1451 3458 grate
1470 3392 1556 3459 eroa).

191 3482 276 3548 saraae
294 3480 403 3548 ουορίοον
426 3482 558 3546 inprocera
581 3479 689 3528 oratione
713 3476 828 3546 μηνοαίου
850 3475 925 3546 λόγου
948 3480 1038 3545 (eodem
1060 3492 1133 3548 pacto
1156 3498 1186 3528 uc
1209 3497 1285 3545 supra
1305 3497 1333 3542 p.
1348 3477 1411 3530 72⁶2
1435 3478 1556 3532 annualis

197 3569 263 3622 ratio
284 3590 315 3611 =
335 3565 455 3625 ἐνιαὺαιος
472 3565 569 3636 λόχοτ);
589 3575 669 3616 cetera
688 3583 734 3614 non
753 3566 855 3630 expedio
965 3566 982 3617 4
1006 3566 1068 3618 luna
1089 3568 1123 3618 G¹
1229 3565 1387 3633 respondent
1407 3565 1443 3617 0²
1460 3567 1484 3615 in
1503 3584 1556 3616 ras.

197 3655 214 3707 'l
233 3653 356 3723 desuper]
375 3655 509 3723 adscripsit
527 3673 557 3705 m.
567 3653 643 3718 antiq.
664 3654 688 3702 in
707 3671 783 3719 marry.
805 3653 828 3704 0
847 3667 932 3705 nouae
1050 3654 1185 3724 8prestat
1205 3655 1227 3706 G
1344 3654 1488 3751 demediatq
1509 3652 1555 3704 G²z

197 3777 368 3830 demedietate
389 3774 423 3827 6¹
530 3775 654 3826 obscurae
675 3772 709 3823 G²
728 3774 753 3823 in
772 3791 825 3823 ναε.
933 3774 1122 3843 tunaquaque
1140 3776 1268 3827 Daebner:
1288 3775 1560 3844 unaquaequeG·

199 3863 227 3914 ll
249 3861 366 3931 exertus]
386 3865 523 3929 excerptus
544 3861 580 3911 Gi
592 3862 615 3910 in
629 3880 690 3910 raa:
710 3863 849 3912 extentus
866 3872 988 3912 corrector
1007 3861 1194 3930 [praecesuisae
1208 3864 1305 3915 uidetur
1323 3862 1411 3932 πλήμη
1492 3861 1555 3922 ἐξαι-

196 3948 302 4022 ρομένη]
408 3953 435 4002 et
454 3965 558 4001 eausam
578 3947 634 4016 etc]
656 3965 748 4015 praece
760 3948 824 4013 sort.
850 3949 893 3999 aa!
918 3948 998 4000 αἰτίαν
1021 3950 1082 4002 εἷναί
1100 3966 1160 4020 φησι
1182 3954 1227 4002 τοῦ
1251 3948 1353 4021 α’νρρουν
1376 3948 1486 4019 γίνεσθαι
1508 3952 1555 4020 τὴν

195 4037 322 4106 κυκλικὴν
340 4037 384 4089 καὶ
402 4041 447 4089 τοῦ
465 4035 555 4093 ὕδατος
574 4032 654 4104 φύσιν,
673 4032 738 4086 ὥστε
757 4034 786 4087 τὸ
805 4038 875 4102 κῦμα
893 4034 943 4088 οἶον
962 4036 988 4087 ἐν
1007 4036 1159 4107 ἡμικυκλίου
1177 4037 1288 4107 σχήματι
1307 4034 1464 4106 temptata
1483 4053 1555 4090 συνα-

195 4123 327 4178 κολουθεῖν
346 4128 377 4196 τῇ
398 4123 489 4194 σελήνῃ
600 4123 630 4175 14
658 4124 687 4175 in
704 4121 838 4191 utrisque]
858 4128 967 4191 utraque
987 4125 1020 4175 0¹
1132 4125 1163 4178 15
1186 4126 1304 4178 coeuntis
1323 4125 1372 4177 soli
1391 4125 1448 4194 eta]
1464 4144 1554 4192 praeca

188 4215 255 4278 sort.
274 4211 402 4280 αυνιοὺοης
419 4216 458 4280 τῷ
476 4210 554 4282 ἡλίῳ,
578 4212 621 4263 καὶ
639 4210 680 4263 διὰ
697 4213 786 4275 τοῦτο,
810 4210 853 4262 ἐὰν
875 4211 901 4262 ἐν
921 4211 1034 4284 ὁποτέρῳ
1057 4219 1109 4265 τῶν
1129 4214 1278 4282 1οημερινῶν
1297 4214 1436 4281 σχημάτων
1459 4208 1476 4282 ᾗ
1496 4231 1555 4264 παν-

195 4298 307 4370 σέληνος,
324 4300 467 4369 ἡγουμένης
485 4299 519 4356 εἰς
537 4299 569 4350 τὰ
587 4295 613 4357 ἐξ
631 4298 744 4356 ἐναντίας
850 4315 880 4351 ae
899 4317 943 4350 om.
965 4299 987 4350 G
1093 4302 1117 4353 si
1135 4303 1163 4353 in
1181 4300 1305 4353 altemtra
1325 4299 1360 4350 0²
1378 4301 1403 4350 ι’νν
1421 4317 1475 4351 ras.

197 4387 229 4440 16
254 4387 393 4440 formarum
412 4388 448 4439 sit
468 4385 504 4438 θ’
523 4388 547 4437 ia
566 4404 617 4436 raa.
637 4387 776 4454 (retinuisse
798 4384 831 4438 G¹
850 4386 982 4439 schemata
1000 4389 1061 4439 coni.
1081 4387 1207 4455 Daebner)
1321 4402 1351 4438 ea
1370 4402 1435 4454 quae
1456 4386 1504 4437 G²:
1524 4403 1554 4440 eo

196 4472 322 4542 quod'Gl
432 4474 463 4526 18
482 4489 586 4542 nanque
607 4474 643 4526 G⁹
661 4476 686 4524 in
705 4493 756 4525 ras.
864 4474 895 4525 19
914 4474 1081 4543 imposito&
1188 4473 1219 4526 21
1240 4472 1327 4541 posse]
1345 4478 1431 4540 potest
1451 4474 1487 4525 0¹

195 4560 297 4630 horam]
316 4562 345 4614 iu
363 4562 426 4614 hora
446 4562 481 4613 (1ι
605 4560 638 4615 25
666 4561 739 4629 atqui
758 4559 814 4629 eta]
833 4578 921 4627 praece
933 4563 999 4625 sort.
1018 4561 1100 4614 καίτοι
1119 4561 1217 4630 ἀκμαία
1236 4561 1251 4631 ἡ
1271 4559 1416 4632 πλημμυρὶς
1434 4577 1554 4634 μεσουρα-

194 4647 286 4718 nouae
303 4651 349 4718 τῆς
369 4649 481 4719 σελήνης,
500 4647 632 4708 ἐπαύξεται
650 4647 674 4701 δ’
696 4647 732 4701 ἔτι
751 4647 846 4717 μᾶλλον
866 4647 879 4701 d
899 4648 956 4720 ῥοῦς
974 4650 1008 4715 (v.
1027 4649 1063 4699 ad
1076 4667 1103 4714 p.
1117 4648 1193 4715 723)
1214 4647 1355 4718 ὑπερβάσης
1372 4648 1402 4701 τὸ
1422 4652 1497 4718 μέσον

196 4736 229 4789 26
245 4748 302 4802 port
321 4737 385 4789 luna
404 4737 522 4789 distinctio
539 4738 564 4787 in
585 4738 607 4788 θ
679 4734 850 4804 addeturque]
869 4735 948 4788 adde·
969 4735 1004 4786 0²
1022 4737 1047 4786 in
1064 4754 1117 4786 ras.
1136 4736 1163 4802 (6
1176 4738 1236 4803 sere
1254 4736 1299 4787 lio.
1318 4736 1394 4802 eras.)
1465 4736 1498 4788 ‘27
1518 4740 1552 4789 in·

194 4834 311 4889 temptata
324 4824 434 4889 relinquo
453 4824 559 4875 intanta
578 4824 684 4891 cnliqiae
702 4823 763 4875 nita
774 4824 838 4874 aetia
851 4823 982 4890 dispiciens
1066 4825 1135 4877 enim
1154 4825 1266 4878 statione
1287 4824 1323 4876 0²
1341 4825 1365 4874 in
1383 4843 1435 4876 rac.
1455 4825 1482 4892 (6
1495 4828 1554 4893 sere

196 4910 242 4962 tio.
261 4909 337 4979 eras.)
444 4911 537 4982 copula
557 4911 593 4962 0²
610 4911 634 4960 in
653 4928 703 4964 raa.
