3510 5610
737 366 909 424 PRISGIANI
927 367 1008 424 LYDI

247 539 393 605 uidelicet
415 549 447 606 et
468 543 618 620 fumeam,
646 549 678 606 et
705 543 766 607 illis
791 543 964 608 accidentia
990 542 1175 628 pertransire
1196 543 1388 606 summatim.
1433 543 1502 627 ipsa

249 643 332 707 enim
354 644 524 708 humiditas
545 645 708 709 subleuata
731 667 786 730 per
807 647 880 711 solis
903 646 1093 710 caliditatem
1116 651 1147 708 et
1169 644 1282 728 partim
1304 646 1502 730 relinquente

249 766 317 808 eam
341 747 439 811 calido
462 753 587 832 propter
609 747 780 831 longiorem
802 750 984 814 distantiam
1011 749 1146 812 maxime
1172 746 1245 811 solis
1266 749 1349 811 facta
1371 770 1428 832 per
1449 749 1502 812 fri·

248 848 398 930 gidiorem
421 850 500 914 aeris
522 850 624 914 locum
647 852 794 916 densatur
815 859 847 917 et
868 858 1009 916 mutatur
1030 872 1085 935 per
1107 850 1296 933 rigiditatem
1318 851 1351 914 in
1368 851 1500 915 nubem:

220 948 279 1012 oin
309 972 370 1034 qua
396 954 576 1018 transmissa
604 976 640 1017 cx
668 976 784 1039 uapore
810 976 892 1038 aqua
919 961 1040 1018 constat
1062 961 1094 1017 et
1115 953 1298 1035 refrigescit,
1331 951 1501 1035 aliquando

249 1055 372 1137 quidem
396 1056 429 1119 in
451 1058 656 1139 guttationem
680 1057 803 1136 exilem,
825 1057 992 1140 aliquando
1010 1077 1081 1120 uero
1102 1056 1135 1120 in
1151 1055 1281 1119 imbrem
1304 1062 1336 1118 et
1358 1055 1500 1139 pluuium

247 1164 372 1241 propter
387 1158 569 1223 ualidiorem
585 1159 677 1223 nubis
693 1159 888 1223 densitatem.
923 1159 1017 1223 habet
1036 1179 1157 1242 quoque
1174 1158 1291 1221 imbrca
1306 1179 1388 1241 aqua
1404 1158 1501 1222 etiarn

247 1259 347 1323 lutum
371 1282 406 1325 eo
429 1262 511 1345 qnod
533 1262 669 1326 multum
692 1262 934 1328 consubleuatur
955 1268 1112 1325 terrenum
1135 1260 1361 1324 humidioribus
1376 1260 1500 1343 uapori-

247 1361 313 1424 bus.
359 1384 420 1426 non
443 1363 544 1428 omnis
566 1372 671 1430 autem
695 1388 732 1429 ex
755 1363 927 1429 continenti
947 1385 1029 1448 aqua
1044 1370 1165 1427 meatus
1181 1363 1281 1426 imber
1297 1370 1353 1443 est,
1375 1362 1430 1426 sed
1446 1363 1501 1446 qui

208 1478 301 1545 roper
332 1467 539 1530 mutationem
572 1468 696 1552 uaporis
722 1468 755 1531 in
782 1465 896 1530 nubem
931 1467 1126 1530 constitutus.
1171 1487 1262 1550 saepe
1295 1466 1378 1529 enim
1414 1465 1503 1528 nenti

246 1567 412 1632 uiolentior
434 1575 601 1654 tempestas
624 1576 655 1634 et
677 1569 766 1633 turbo
790 1567 952 1632 humidum
976 1590 1014 1632 ex
1037 1568 1216 1632 fluminibus
1239 1568 1288 1632 uel
1311 1568 1428 1652 stagnis
1447 1567 1501 1631 uel

245 1669 324 1733 mari
346 1671 469 1755 rapiens
484 1672 628 1735 subleuat
641 1672 675 1735 in
691 1672 801 1751 altum,
826 1671 935 1735 deinde
951 1671 1141 1736 intermittit.
1186 1677 1311 1754 propter
1330 1671 1388 1734 hoo
1404 1671 1502 1734 etiam

247 1779 457 1855 apparuerunt
490 1774 655 1857 aliquando
689 1795 761 1838 oum
786 1775 895 1858 pluuia
926 1795 1018 1838 ranae
1051 1780 1082 1837 et
1114 1773 1212 1857 pisces
1245 1773 1345 1837 ueluti
1376 1794 1502 1837 sursum

246 1873 361 1939 alicubi
387 1884 549 1941 nascentes
575 1876 772 1955 descendere,
805 1877 885 1940 sicut
908 1877 1001 1953 etiarn
1027 1876 1062 1940 in
1084 1877 1185 1960 Aegos
1213 1875 1393 1939 fluminibus
1420 1875 1503 1939 circa

207 1990 232 2034 15
245 1977 615 2062 Hellespontumcecidit
637 1979 716 2062 lapis
739 1999 776 2042 ex
799 1979 878 2058 aere,
901 2001 938 2043 ex
965 1979 1077 2064 spiritu
1099 1978 1226 2062 quidem
1252 1984 1358 2062 raptus
1379 1977 1499 2042 uiolen-

246 2081 335 2162 tiore,
357 2081 545 2146 descendens
567 2102 640 2146 uero
657 2081 695 2145 ad
712 2082 880 2166 proprium.
924 2102 1016 2165 saepe
1038 2101 1160 2165 quoque
1182 2087 1289 2163 guttae
1311 2080 1500 2164 sanguineae

246 2189 278 2247 et
304 2184 365 2268 pici
391 2185 507 2249 similes
534 2185 613 2248 fiunt
640 2206 677 2248 ex
704 2185 792 2267 igneo
823 2184 990 2247 commixto
1019 2183 1153 2247 nubibus
1186 2183 1342 2266 simulque
1374 2190 1499 2248 terreno

246 2306 381 2371 supparo,
403 2286 435 2351 id
459 2293 505 2351 cst
527 2309 564 2350 ex
586 2286 690 2350 uentis
712 2286 840 2350 collecto
864 2286 947 2350 timo.
990 2287 1067 2350 haec
1088 2285 1196 2369 itaque
1219 2287 1323 2349 omnia
1344 2285 1501 2350 uiolenter

246 2395 277 2453 et
299 2396 407 2453 contra
429 2398 575 2453 naturam
596 2410 719 2452 sursum
741 2388 899 2472 compulsa
914 2385 1055 2453 naturali
1065 2395 1171 2452 meatu
1186 2388 1300 2451 iterum
1316 2389 1397 2452 hunt
1411 2387 1499 2452 deor-

204 2507 325 2556 aosum.
370 2492 493 2576 uaporis
516 2491 648 2575 qualitas
670 2491 799 2555 humida
821 2491 948 2575 quidem
974 2499 1006 2554 et
1032 2490 1155 2555 infirma
1181 2513 1281 2576 neque
1307 2492 1340 2555 in
1364 2492 1501 2555 multum

248 2597 330 2661 elata
352 2616 371 2658 a
392 2605 484 2671 terra,
508 2616 577 2658 cnm
602 2615 702 2678 neque
725 2615 743 2657 a
765 2593 924 2677 spiritibus
939 2613 1040 2676 neque
1055 2614 1073 2656 a
1089 2594 1189 2658 calore
1205 2595 1339 2673 effertur,
1361 2594 1501 2679 primum

246 2698 392 2763 nebulam
416 2697 586 2777 constituit,
610 2697 667 2760 hoc
690 2703 736 2760 est
758 2698 872 2760 nubem
896 2696 1065 2773 infirmam;
1088 2701 1230 2759 concreta
1246 2716 1319 2759 uero
1334 2697 1501 2780 paululum
1595 2690 1600 2701 '

248 2808 279 2866 et
301 2800 429 2885 expulsa
452 2819 500 2862 ros
523 2798 645 2878 dicitur,
667 2797 801 2862 multum
825 2798 950 2882 quidem
974 2818 1099 2861 aereum
1122 2798 1249 2877 habens,
1272 2820 1402 2882 paruam
1425 2819 1502 2863 uero
1579 2862 1584 2872 ,

247 2903 476 2968 humiditatem.
522 2900 645 2984 uaporis
668 2906 772 2964 autem
800 2900 832 2963 in
855 2900 1064 2984 superioribus
1085 2901 1160 2965 locis
1187 2902 1340 2965 concretio
1368 2900 1503 2964 efficitur

206 3023 234 3067 aa
248 3007 316 3085 nix,
344 3028 382 3070 ex
409 3003 538 3067 humida
566 3002 724 3066 inflatione
746 3002 779 3065 in
803 3001 900 3065 altum
924 3010 1013 3086 rapta
1035 3003 1174 3068 nondum
1197 3023 1270 3067 uero
1294 3011 1504 3067 transmutata

247 3111 281 3173 in
303 3128 431 3192 aquam,
458 3105 512 3169 sed
534 3105 713 3189 priusquam
735 3110 899 3168 moueatur
920 3105 1138 3188 circumgelata
1160 3127 1282 3170 sursum
1304 3111 1336 3169 et
1358 3105 1503 3170 deorsum

249 3212 396 3291 deducta,
418 3210 464 3273 ita
485 3214 521 3272 ut
543 3207 584 3271 sit
607 3207 660 3271 nix
684 3215 714 3270 ct
736 3206 821 3288 gelu,
843 3211 898 3268 aut
920 3206 952 3269 in
975 3206 1049 3270 hora
1070 3207 1212 3287 hiemali,
1234 3215 1290 3271 ant
1310 3207 1377 3272 loco
1400 3207 1503 3291 gelido

249 3315 359 3398 frigore
382 3319 506 3376 tantum
528 3314 692 3393 superante
715 3308 760 3370 ita
781 3314 818 3371 ut
840 3309 934 3372 etiam
957 3308 989 3372 in
1012 3316 1093 3373 terra
1115 3310 1248 3373 calorem
1267 3310 1384 3389 uincat,
1407 3330 1503 3392 quem

229 3449 232 3454 v
250 3415 375 3500 quidem
392 3437 429 3478 ex
445 3415 535 3497 ignea
549 3410 709 3475 inflatione
724 3409 842 3474 habuit.
878 3417 966 3474 tanta
982 3413 1184 3476 concretionis
1201 3420 1247 3477 est
1261 3413 1360 3477 uirtus
1375 3421 1505 3497 propter

207 3535 234 3580 ao
248 3519 326 3584 aeris
349 3518 604 3595 densitatem„ut
626 3513 659 3576 in
681 3512 781 3575 boreis
804 3512 879 3576 locis
902 3520 933 3576 et
948 3514 1048 3596 gelida
1063 3535 1141 3578 zona
1156 3522 1281 3600 propter
1296 3514 1503 3579 eminentiam

247 3623 319 3707 pagi
341 3641 442 3703 neque
463 3619 578 3684 imbres
600 3616 663 3679 sint
685 3636 786 3698 neque
808 3615 912 3693 uenti,
939 3617 1089 3682 serenitas
1111 3639 1185 3682 uero
1207 3616 1427 3682 uniuersaliter
1450 3617 1504 3681 do·

250 3725 398 3800 minatur,
422 3727 453 3786 et
474 3721 569 3785 solius
591 3718 673 3782 niuis
696 3717 853 3781 descensio
877 3718 964 3782 litet
988 3719 1099 3801 glaciei
1120 3721 1284 3785 concretio.
1329 3741 1367 3783 ex
1390 3719 1506 3785 talium

248 3847 371 3910 quoquc
397 3823 607 3907 congelatione
634 3841 795 3883 causarum
822 3820 985 3903 grandines
1015 3827 1047 3884 et
1074 3821 1204 3886 aliorum
1231 3843 1329 3886 unum
1357 3822 1505 3907 quodque

249 3928 470 4013 gelascentium
500 3923 698 3989 humidorum
725 3922 805 3985 fiunt
832 3929 862 3986 et
889 3921 930 3985 ad
951 3922 1105 4006 propriam
1133 3923 1313 3988 deferuntur
1334 3924 1505 4008 regionem,

195 4151 211 4201 ‘2
231 4167 263 4202 ex
281 4149 333 4201 alio
351 4147 424 4199 fonte
442 4145 642 4213 (Theophrasto)
743 4144 774 4197 15
793 4144 824 4196 cf.
844 4146 951 4198 Aristot·
970 4145 1091 4198 344b32:
1111 4143 1152 4198 dre
1170 4145 1184 4199 ὁ
1202 4147 1228 4199 ἑν
1247 4143 1323 4216 Αἰγὸς
1340 4153 1464 4217 ποταμοῖς
1482 4147 1558 4201 ἔπεσε

196 4235 267 4293 λίθος
285 4237 313 4288 ἐκ
333 4239 377 4287 τοῦ
397 4234 475 4305 ἀέρος,
493 4232 542 4285 ὑπὸ
561 4231 701 4301 aucupare:
718 4228 802 4301 ἀρθεὶς
821 4230 918 4291 ἐξέπεσε
938 4231 997 4301 μεθ’
1018 4233 1112 4305 ἡμέραν

199 4441 294 4511 lillis]
314 4442 351 4494 ill'
371 4442 466 4513 Hreis
487 4440 542 4490 ΟΜ
644 4439 866 4505 2relinquentem
887 4438 943 4490 ΟΜ
1044 4443 1193 4495 lmotatur
1214 4442 1295 4493 ΟΠΜ
1309 4443 1344 4508 (et
1362 4444 1399 4493 sic
1418 4445 1534 4512 saepius)

196 4530 212 4584 5
240 4533 343 4583 constat
362 4528 401 4580 H:
420 4530 578 4580 consteterat
599 4526 653 4577 ΟΜ
765 4525 909 4594 refrigescit
926 4528 967 4579 II:
986 4529 1093 4597 rigescit
1114 4529 1169 4580 ΟΜ
1277 4529 1293 4581 7
1320 4531 1404 4582 imbra
1422 4530 1455 4579 H

199 4606 237 4670 10'
251 4619 420 4669 mutacionem
443 4614 526 4666 CHM
630 4614 661 4665 14
680 4611 833 4665 fluminibus
854 4614 1058 4669 Orl1:lluctibus
1078 4619 1106 4667 H
1215 4616 1246 4668 15
1265 4616 1450 4684 hellispontum
1472 4616 1528 4668 ΟΗ

196 4721 228 4757 er
248 4705 341 4772 spiritu
362 4703 418 4754 ΟΜ
422 4720 428 4754 :
448 4706 474 4755 et
492 4702 585 4769 spiritu
604 4700 635 4749 H
740 4699 770 4751 16
793 4716 895 4769 quoque
915 4703 974 4754 CH:
993 4720 1054 4757 uero
1076 4705 1108 4755 Μ
1215 4705 1244 4755 17
1265 4705 1318 4772 pici
1337 4704 1449 4774 similes]
1466 4724 1557 4774 graece

196 4790 325 4848 πιττώδεις
452 4790 482 4841 18
510 4804 616 4857 supparo
635 4789 671 4839 sic
690 4787 774 4838 CHM
896 4790 938 4841 27.
957 4792 991 4843 ‘28
1016 4792 1117 4860 fulgore
1136 4792 1220 4862 gelido
1239 4792 1298 4842 ordo
1317 4793 1342 4843 in
1361 4792 1392 4842 Π

197 4877 230 4933 29
249 4884 322 4932 tanto
343 4879 394 4930 ΟΜ
500 4876 673 4930 concretionis
695 4876 726 4925 Μ
730 4892 735 4926 :
756 4877 894 4930 creationis
914 4878 954 4929 H:
974 4880 1097 4933 cretionis
1119 4881 1141 4930 Ο
1248 4879 1283 4934 30
1301 4883 1331 4932 ut
1348 4898 1392 4931 om.
1413 4880 1449 4933 Μ
