3510 5610
511 317 750 371 METAPHRASIS
769 317 803 370 IN
822 316 1102 370 THEOPHRASTUM
1441 315 1481 379 15

181 508 301 572 σχουσιν
322 490 350 552 οῖ
373 493 423 552 τοῦ
446 489 602 572 πληγέντος
623 489 675 571 τὴν
696 487 791 571 ἀρχὴν
814 484 920 568 ἔγγιον·
945 487 977 549 τὸ
999 487 1031 550 δέ
1052 509 1085 568 γε
1106 487 1209 570 όρατδν
1231 487 1265 552 οὑ
1288 487 1361 551 κατά
1376 489 1426 549 ποῖ-

182 590 234 660 θος
255 592 367 677 ἐνεργεῖ
386 594 428 662 εἰς
448 594 481 656 τδ
504 590 649 676 διαφανές,
677 591 740 653 ἐπεὶ
764 589 839 673 μηδὲ
860 589 893 651 τό
915 590 1049 672 φωτίζον.
1090 591 1203 654 διὸκαὶ
1226 590 1359 676 ἀχρόνως
1382 591 1429 652 καὶ

183 693 243 776 ἀμα
266 699 352 758 πᾶσιν
375 696 479 780 ὁρατὸν
502 696 544 763 οἷς
567 695 677 777 δρᾶται,
711 693 737 754 εἰ
758 692 807 754 καὶ
830 693 871 774 μὴ
894 691 1002 773 δμοίως
1024 692 1099 754 ἀλλά
1121 698 1180 762 τοῖς
1202 690 1295 775 ἔγγιον
1317 690 1429 776 ἀκριβέ-

182 816 291 881 στερον,
314 797 386 861 διότι
408 798 519 882 ἐνεργεῖ
540 797 601 880 μέν,
625 796 667 863 εἰς
687 793 723 857 τὰ
746 793 960 879 ἐπιτηδειότερα
982 795 1014 857 δέ
1036 794 1071 857 τὰ
1094 800 1227 880 προσεχῆ
1249 794 1324 858 κατὰ
1341 794 1428 857 τόπον

153 900 228 962 οδιά
248 901 282 963 τδ
305 904 428 983 σώματα
449 899 522 963 εἶναι

264 1000 493 1086 Ἀφοριστέυν
516 1001 566 1075 δέ,
589 1002 676 1085 φησὶν
699 1001 715 1063 δ
740 999 934 1084 Θεόφραστος,
957 1001 1013 1063 κοιλ
1036 1000 1076 1063 τά
1098 1003 1176 1085 περὶ
1199 1001 1260 1071 τάς
1282 1001 1430 1064 ἀνοικλά·
1448 1018 1482 1074 33

183 1126 263 1174 σεις.
307 1104 422 1189 φαμὲν
445 1105 509 1189 γὰρ
533 1106 576 1186 δὴ
603 1105 660 1166 καὶ
693 1108 755 1186 τῆς
789 1106 925 1186 μορφῆς
959 1103 1077 1188 ὥσπερ
1111 1104 1339 1167 ἀποτύπωσιν
1367 1103 1429 1188 (ἐν)

182 1211 232 1292 τῷ
255 1207 331 1291 ἀέρι
352 1207 531 1285 γίνεσθαι,
566 1206 635 1275 ἴσως
657 1207 705 1268 καὶ
727 1202 824 1276 αὑτός,
850 1207 892 1272 ιὺς
915 1204 1047 1281 Πλάτων,
1076 1206 1228 1290 είδωλικήν
1251 1230 1312 1269 τινα
1333 1206 1363 1268 ἐν
1386 1210 1429 1290 τιγῖ

181 1309 248 1393 περὶ
269 1310 303 1371 τὸ
324 1311 401 1372 λεῖον
424 1310 499 1394 φωτὶ
522 1316 579 1372 τῶν
596 1314 769 1392 σωματικῶν
791 1307 875 1369 εἰδῶν
894 1304 1018 1391 ἔμφασιν
1041 1308 1169 1391 γίνεσθαι
1184 1309 1343 1391 τιθέμενος.
1380 1308 1431 1376 τάς

143 1408 209 1474 τόδ’
226 1408 276 1474 οὑν
297 1411 413 1479 κλάσεις
435 1411 469 1474 οῦ
492 1411 659 1496 σωματικὰς
681 1410 795 1474 θετέον·
823 1411 917 1479 πάθος
936 1410 991 1496 γὰρ
1013 1416 1097 1475 τοῦτο
1120 1413 1236 1495 καὶτῆς
1257 1412 1330 1474 κατὰ
1346 1410 1429 1495 φὺσιν

184 1512 326 1596 ἐνεργείας
347 1514 470 1596 ἀπᾷδον,
500 1515 548 1576 καί
571 1516 695 1598 μαλιστα
716 1513 764 1575 ἐπὶ
786 1517 836 1575 τοῦ
859 1511 993 1596 οὐρανίου
1016 1512 1128 1598 φωτός·
1162 1511 1221 1576 ἀλλ’
1249 1512 1431 1597 ἐνεργητικάς

185 1616 234 1677 καὶ
256 1614 307 1683 τάς
328 1617 445 1685 κλάσεις
467 1616 659 1699 νοητέον,·είς
680 1616 713 1678 τδ
736 1617 812 1678 λεῖον
827 1616 875 1678 καὶ
897 1616 1002 1679 πυκνόν
1026 1618 1074 1679 καὶ
1089 1617 1202 1701 στίλβον
1226 1615 1365 1700 μειζόνως
1380 1619 1431 1678 τοῦ

184 1718 358 1801 φωτίζοντος
380 1720 427 1781 καὶ
450 1723 500 1781 τοῦ
524 1720 650 1802 δρῶντος
672 1718 863 1801 ἐνεργοῦντος,
886 1720 926 1787 ῶς
945 1719 993 1782 καὶ
1015 1718 1091 1783 ἀλλα
1113 1720 1148 1782 δι’
1175 1719 1265 1783 αὑτοῦ
1287 1721 1431 1799 καταλάμ-

183 1843 245 1883 πειν
268 1820 287 1903 ἢ
310 1821 390 1902 δρᾶν.
435 1820 545 1883 ἐκείνου
567 1820 622 1905 γάρ
643 1821 663 1903 ἡ
686 1820 805 1903 δευτέρα
832 1819 960 1902 ἐνέργεια
992 1826 1194 1905 συνεργοῦντος
1220 1822 1340 1885 καὶτοῦ
1365 1821 1430 1883 ὑπο-

142 1937 169 1982 15
182 1922 316 2004 κειμένου
338 1923 415 1985 λείου
438 1925 485 1986 καὶ
509 1924 672 2007 στιλβοντος
699 1922 747 1985 διά
769 1923 821 2005 την
844 1924 916 2007 πρὸς
938 1925 970 1986 τὸ
993 1927 1057 2006 φῶς
1080 1924 1255 2006 συγγένειαν·
1290 1925 1338 1987 καὶ
1359 1922 1431 1986 διότι

183 2027 235 2107 μὲν
264 2026 298 2088 τδ
325 2026 449 2110 φωτίζον
479 2025 640 2110 ἑκατέρωθι
666 2025 783 2109 ἐνεργεῖ,
818 2027 944 2111 συνεχὴς
969 2029 1017 2089 καὶ
1047 2028 1065 2109 ἡ
1094 2026 1216 2109 δευτέρα
1243 2031 1282 2109 τῇ
1311 2029 1430 2111 πρώτη·

182 2125 253 2189 διότι
275 2128 307 2190 δὲ
328 2128 361 2191 τδ
383 2131 460 2191 λεῖον
487 2128 517 2190 ἐν
538 2133 576 2210 τῇ
600 2127 721 2212 δευτέρᾳ
744 2133 882 2212 συνεργεῖ,
912 2130 1046 2211 διαίρεσίς
1067 2152 1110 2197 τις
1136 2129 1309 2213 ἀμφοτέρων
1333 2129 1433 2210 συμπί-

182 2253 256 2301 πτει,
279 2228 350 2313 όπερ
371 2232 390 2312 ἡ
414 2232 524 2299 κλάσις.
569 2231 616 2294 ἐπὶ
638 2232 671 2294 δέ
693 2236 746 2315 τῆς
767 2231 813 2294 διὰ
829 2237 886 2294 τῶν
910 2232 1077 2315 κατόπτρων
1100 2236 1158 2294 τῶν
1174 2234 1337 2315 προσώπων
1361 2230 1432 2299 θέας

182 2332 286 2412 γίνεται
309 2333 361 2417 μὲν
384 2334 433 2395 καί
454 2334 474 2416 ἡ
497 2338 549 2417 τῆς
572 2332 668 2418 ὅψεως
682 2333 746 2397 κατ’
767 2334 919 2417 ἐνέργειαν,
942 2337 982 2402 ῶς
1005 2333 1125 2418 εἴρηται,
1149 2332 1212 2396 ἀλλ’
1235 2332 1269 2396 οὑ
1292 2333 1365 2396 κατὰ
1380 2334 1432 2395 πά-

141 2449 170 2493 νυ
184 2435 235 2503 θος
257 2437 276 2518 ἡ
299 2436 455 2504 ἀνάκλασις
478 2436 526 2498 ἐπὶ
548 2437 580 2499 τδ
596 2434 794 2520 πρωτότυπον.
840 2438 855 2499 ό
879 2436 911 2499 δέ
934 2434 1056 2498 Πλάτων
1080 2436 1127 2497 καὶ
1148 2435 1303 2518 εἰδωλικήν
1325 2458 1387 2498 τινα
1401 2435 1432 2497 ἐν

183 2543 220 2621 τῇ
243 2538 386 2622 προϊοὺση
409 2543 461 2621 τῆς
484 2538 580 2622 ὄψεως
601 2539 728 2623 ἐνεργείᾳ
751 2540 815 2622 περὶ
837 2538 870 2599 τδ
893 2541 969 2600 λεῖον
996 2543 1054 2602 τῶν
1078 2542 1251 2622 σωματικῶν
1275 2539 1360 2601 εἰδῶν
1383 2534 1429 2617 έμ·

182 2663 278 2725 φασιν,
301 2640 334 2704 οῦ
356 2641 432 2703 κατδι
454 2640 609 2725 ἀπόρροιαν
633 2642 777 2725 σωμάτων
800 2639 876 2703 ἀλλά
899 2639 973 2724 [καὶ]
997 2640 1070 2703 κατά
1091 2642 1143 2724 τὴν
1166 2646 1224 2703 τῶν
1247 2641 1331 2703 εἰδῶν
1355 2660 1432 2702 σκια-

182 2744 313 2828 γραφίαν,
336 2743 366 2806 ἐν
389 2747 432 2829 τῷ
447 2746 542 2807 δοκεῖν
565 2744 614 2806 καὶ
636 2743 791 2828 φαίνεσθαι
813 2743 988 2827 ὑφίστασθαι
1012 2743 1153 2828 βούλεται.
1199 2743 1214 2805 δ
1238 2744 1274 2826 δὴ
1298 2742 1368 2811 ίσως
1385 2742 1432 2804 καὶ

183 2847 199 2908 ό
213 2844 397 2930 Θεόφραστος
412 2845 594 2921 ἐνδείκνυται,
617 2845 691 2909 κατὰ
710 2846 760 2915 τάς
775 2847 946 2913 ἀνακλάσεις
961 2846 1052 2927 λέγων
1067 2850 1128 2928 τῆς
1152 2850 1291 2928 μορφῆς
1313 2846 1433 2929 ὥσπερ

142 2948 412 3012 ωάποτὺπωσιν
435 2949 470 3011 ἐν
493 2953 539 3032 τηῖ
564 2949 642 3032 ἀέρι
657 2949 825 3030 γίνεσθαι.
922 2945 1040 3030 Ἐπάγει
1055 2949 1087 3010 δέ
1102 2951 1142 3016 ὡς
1158 2946 1209 3010 ἐπ’
1230 2947 1331 3009 ἐνίων
1354 2950 1432 3031 ὁμο·
1452 2960 1485 3018 34

183 3051 280 3134 γενές
313 3049 426 3113 ἔοικεν
460 3049 553 3113 εἶναι
586 3052 623 3113 τδ
649 3051 888 3136 αἰσθητήριον
921 3056 994 3119 τοῖς
1023 3050 1220 3133 αἰσθητοῖς.
1264 3050 1342 3133 ἥτε
1368 3050 1432 3132 γὰρ

183 3157 323 3236 γλῶττα
345 3152 401 3215 διά
424 3153 527 3237 ὑγροῦ
549 3158 618 3215 τῶν
641 3159 763 3238 χυμῶν
787 3155 845 3216 καὶ
867 3155 955 3236 ἀκοὴ
980 3153 1020 3235 δὴ
1054 3153 1110 3215 διὰ
1133 3156 1192 3214 τοῦ
1213 3151 1432 3235 ἀπειλημμέ-

184 3279 241 3319 νου
272 3255 374 3339 ἀέρος
401 3254 613 3337 κινουμένου
639 3260 700 3339 τῆς
728 3261 846 3341 φωνῆς
875 3256 1093 3320 αἰσθάνεται.
1140 3258 1222 3338 ζητεῖ
1242 3252 1291 3317 οὑν
1322 3254 1379 3317 διά
1401 3254 1436 3316 τί

185 3359 229 3442 μὴ
252 3358 308 3421 καὶ
324 3357 381 3420 ἐπὶ
404 3361 469 3419 τῶν
486 3356 600 3420 ἀλλων
616 3358 761 3441 ὁμοίως,
784 3360 831 3422 καὶ
848 3362 921 3426 πῶς
943 3357 979 3419 τὸ
1002 3356 1126 3439 όμοιον
1142 3356 1208 3419 ὑπὸ
1224 3361 1284 3419 τοῦ
1308 3357 1430 3439 ὁμοίου

144 3464 333 3546 υοπάσχει,
367 3460 432 3522 ὑπό
459 3465 522 3522 τοῦ
549 3458 679 3529 ἔξωθεν
707 3462 810 3545 ἀέρος
843 3461 859 3522 ὑ
886 3459 951 3542 ἀὴρ
984 3460 1042 3521 καὶ
1072 3459 1138 3521 ὑπδ
1171 3462 1232 3521 τοῦ
1259 3459 1366 3543 ὑγροῦ
1394 3460 1431 3522 τό

187 3561 300 3647 ὑγρόν.
344 3563 363 3645 ἢ
386 3564 435 3625 καὶ
459 3562 505 3625 ἐπὶ
527 3568 585 3625 τῶν
608 3563 704 3627 ἀλλων
721 3563 821 3649 ὅμοιος
844 3561 968 3643 όλόγος.
1013 3560 1060 3646 ἐφ’
1081 3563 1192 3645 ἑκάστη
1214 3560 1268 3644 γὰρ
1284 3563 1316 3624 τὸ
1332 3562 1433 3645 αἰσθη-

184 3667 282 3749 τήριον
305 3669 432 3728 τοιοῦτον
457 3666 556 3727 ὑποῖον
580 3667 626 3729 καὶ
660 3668 693 3729 τὺ
716 3665 772 3736 ἔξω
794 3669 856 3735 ταῖς
888 3669 946 3727 τῶν
968 3664 1117 3746 αἰσθητῶν
1148 3663 1300 3747 ἐνεργείαις
1322 3664 1434 3727 ὑποκεί-

185 3790 281 3852 μενον,
302 3768 438 3853 διαφανὲς
454 3768 505 3851 μὲν
521 3770 568 3831 ἐπὶ
590 3773 643 3853 τῆς
659 3768 764 3852 ὄψεως,
787 3770 889 3853 διηχές
912 3769 944 3831 δέ
966 3768 1013 3830 ἐπὶ
1035 3771 1088 3850 τῆς
1109 3766 1215 3850 ἀκοῆς·
1239 3765 1273 3829 οὑ
1288 3766 1342 3849 γὰρ
1357 3766 1433 3829 καθδ

135 3958 533 3967 ----.--

132 4077 150 4131 8
169 4074 288 4143 Πλάτων]
307 4078 375 4130 Tim.
393 4076 457 4130 46A
560 4077 591 4128 14
611 4075 796 4145 συνεργοῦντος]
816 4076 847 4129 cf.
866 4076 983 4145 Simplie.
1002 4075 1019 4127 l.
1032 4092 1054 4128 ο.
1076 4073 1172 4141 142,ἳθ
1270 4074 1302 4126 27
1321 4074 1434 4143 γλῶττα]

133 4165 165 4219 cf.
184 4165 293 4219 Aristot.
311 4165 419 4218 422n34
544 4164 622 4234 ἀκοὴ]
641 4164 673 4217 cf.
694 4165 802 4216 Aristot.
820 4164 928 4216 420³13
1051 4162 1084 4214 ⁴29
1111 4162 1141 4215 τδ
1159 4160 1255 4231 ὅμοιον]
1275 4161 1308 4214 cf.
1328 4165 1435 4215 Aristot.

133 4252 243 4307 416b35
260 4252 352 4306 42025
449 4252 480 4305 31
502 4250 544 4323 ἐφ’
565 4250 670 4321 ἑκάστη]
691 4251 723 4303 cf.
744 4254 851 4304 Aristot.
869 4250 976 4303 438b17
1076 4251 1110 4303 33
1128 4250 1255 4318 διαφανὲς]
1274 4249 1306 4301 τί.
1326 4252 1435 4303 Aristot.

133 4340 224 4393 438δὺ
332 4338 409 4410 καθὸ]
429 4340 461 4393 cf.
480 4341 591 4393 Aristot.
609 4338 718 4391 438214

138 4634 149 4686 l
178 4632 212 4702 οῖ]
232 4632 246 4685 δ
264 4632 392 4698 BLva
532 4635 549 4686 4
576 4642 636 4702 post
654 4630 839 4703 ἐπιτηδειότερα
857 4631 916 4684 add.
935 4637 1015 4684 ταῦτα
1033 4630 1131 4684 31²wa
1150 4633 1219 4697 (cum
1240 4630 1343 4695 Ficino)

136 4721 316 4793 ῦάνακράστις
333 4721 413 4784 ΙιλΠΟ
524 4720 539 4771 7
559 4721 584 4772 ἐν
603 4721 690 4773 addidi
804 4720 834 4771 12
853 4718 882 4771 τό
901 4719 965 4772 λεῖον
985 4718 1041 4782 LQ:
1059 4718 1088 4771 τά
1107 4737 1133 4770 τε
1152 4717 1217 4769 λεῖον
1236 4719 1275 4770 τε]
1294 4719 1322 4770 τὸ
1340 4718 1435 4771 τέλειον

135 4812 184 4861 eet.
293 4808 324 4861 15
342 4807 420 4877 λείου]
439 4807 535 4862 τελείου
555 4808 680 4862 BL31¹PV
791 4807 820 4859 16
845 4806 899 4874 καλ]
920 4806 946 4859 δέ
965 4823 987 4859 w
1094 4806 1124 4859 21
1150 4805 1216 4857 λεῖον
1234 4806 1298 4858 llbw
1317 4807 1436 4873 (Ficinus

136 4894 209 4964 lene):
227 4895 312 4949 πλεῖον
331 4897 350 4949 L
370 4900 418 4951 cet.
525 4895 558 4947 32
576 4896 620 4948 καὶ
638 4911 688 4948 om.
698 4896 738 4949 bw
844 4895 878 4947 27
897 4893 1064 4964 ἀπηλειμένου
1083 4895 1099 4946 b
