3510 5610
203 278 244 341 14
384 276 636 331 ARISTOPHANIS
655 277 838 331 HISTORIAE
858 277 1049 331 ANIMALIUM
1069 277 1217 331 EPITOME
1237 278 1247 330 1
1266 276 1378 331 52-55

254 449 274 531 ἡ
298 449 330 512 δὲ
352 451 420 536 βοῦς
446 456 539 535 μῆνας
560 449 652 526 ἐννέα,
680 453 723 536 τῳ
747 452 779 514 δὲ
801 452 914 536 δεκάτῳ
937 451 1036 515 τίκτει·
1072 453 1087 515 ό
1114 452 1147 513 δέ
1173 450 1279 536 ἐλέφας
1305 448 1356 534 ἔτη
1384 451 1445 527 δόο,
1474 453 1548 515 0125

255 552 288 614 δὲ
302 551 419 636 λέγουσι
433 553 505 617 δέκα
519 555 567 617 καὶ
583 554 660 618 όκτώ
677 559 779 638 μῆνας,
795 558 838 639 τῷ
854 555 886 617 δὲ
901 555 1145 639 ἐννεακαιδεκάτῳ
1160 553 1256 616 τίκτει.
1318 553 1391 638 (53)
1414 553 1505 638 ῥηθή-
1519 571 1546 612 ιυ

255 675 334 718 σεται
356 658 388 721 δὲ
416 658 464 721 καὶ
486 659 552 741 περὶ
579 661 631 741 τῆς
654 656 792 728 ἐκτέξεως
820 655 916 720 αὐτῶν
942 658 991 720 καὶ
1019 657 1163 740 ἐκτροφῆς
1188 657 1238 720 καὶ
1265 661 1318 740 τῆς
1345 656 1505 742 ποσότητος

253 761 310 821 τῶν
332 759 519 842 γεννωμένων
542 760 590 822 καὶ
612 759 644 821 τδ
660 757 727 822 όλον
742 763 792 822 τοῦ
809 759 871 845 βίου
890 759 986 822 αὐτῶν
1010 756 1056 822 ἐπ’
1077 757 1222 843 ἀκριβείας
1243 758 1319 822 κατὰ
1334 761 1504 844 προγραφὴν

227 860 285 923 οέν
307 867 350 947 τῷ
379 861 506 945 δευτέρῳ
533 860 794 946 ἐπιγραφησομένῳ
820 862 854 924 δὲ
875 862 939 945 περὶ
965 865 1024 951 τῶν
1052 861 1283 947 ζῳοτοκυόντων,
1311 865 1359 925 νῦν
1383 864 1416 926 δὲ
1438 863 1505 926 ὑπο-

256 965 390 1049 μνήσεως
413 965 498 1049 χάριν
520 963 769 1049 ἐπιτετροχοίσθω.

340 1067 412 1149 (54)
435 1064 557 1148 Ἐπειδὴ
580 1067 613 1129 δὲ
635 1067 714 1152 ἀρχὴ
734 1067 830 1151 πάσης
850 1067 989 1149 γενέσεως
1011 1066 1130 1148 ἐναίμου
1152 1069 1185 1131 ἰδ
1209 1067 1334 1151 σπέρμα,
1357 1068 1386 1130 τί
1397 1068 1430 1132 δέ
1444 1069 1505 1133 ἐστι
1520 1086 1546 1128 ιο

254 1171 302 1234 καὶ
331 1174 413 1233 ποῖον
443 1169 517 1232 κατὰ
545 1169 597 1253 τὴν
623 1169 722 1233 οὐσίαν
750 1171 798 1233 καὶ
826 1168 917 1233 πόθεν
948 1175 1087 1255 ζητεῖται,
1116 1169 1278 1235 ἀκόλουθον
1308 1168 1342 1233 ἂν
1370 1169 1416 1254 εἴη
1444 1175 1505 1242 τοῖς

253 1273 470 1358 προειρημένοις
491 1273 540 1336 καί
561 1272 627 1356 περὶ
652 1271 753 1335 τούτου
776 1272 877 1337 εἰπεῖν.

214 1393 240 1438 ιυ
336 1376 408 1459 (55)
431 1373 586 1460 Ἐναπορεῖ
605 1376 621 1438 ό
636 1371 840 1458 Ἀριστοτέλης
854 1377 928 1440 κατὰ
943 1377 995 1459 μὲν
1011 1380 1125 1461 πρῶτον
1140 1378 1205 1460 περὶ
1220 1382 1273 1461 τῆς
1289 1377 1388 1446 οὐσίας
1402 1378 1501 1442 αὐτοῦ.

254 1486 317 1550 πῶς
338 1481 404 1564 γάρ,
426 1479 524 1564 φησίν,
550 1477 740 1563 ἐξερχόμενον
763 1478 796 1542 ἐκ
818 1482 869 1541 τοῦ
892 1474 971 1564 ζῴου
995 1479 1076 1565 παχδ
1099 1481 1146 1542 καὶ
1169 1479 1271 1544 λευκόν
1293 1482 1379 1559 ἐστιν,
1406 1481 1504 1563 ἐπιμέ-

254 1607 301 1647 νον
329 1583 362 1646 δὲ
389 1583 437 1644 καὶ
465 1580 629 1667 ψυχόμενον
656 1581 698 1650 είς
725 1582 803 1664 όδωρ
830 1582 997 1663 ἀναλόεται;
1030 1581 1137 1645 ἄτοπον
1164 1582 1196 1645 δέ
1223 1583 1298 1646 ἐστιν
1326 1585 1403 1670 ὕδωρ
1430 1585 1502 1648 αότδ
1516 1602 1544 1644 ευ

253 1686 360 1770 λέγειν·
395 1683 428 1747 οό
451 1684 505 1767 γὰρ
527 1683 686 1768 παχύνεται
713 1682 769 1746 ὑπὸ
792 1683 905 1768 θέρμης
926 1685 1014 1768 ὕδωρ,
1042 1685 1074 1747 τδ
1102 1685 1134 1748 δὲ
1157 1684 1272 1770 σπέρμα
1298 1688 1378 1772 ταχύ
1401 1713 1427 1751 τι
1454 1692 1503 1753 καὶ

253 1791 355 1853 λευκὸν
378 1792 481 1872 χρῆμα
504 1784 633 1871 φαίνεται
663 1786 803 1871 ὑπάρχον.
848 1784 908 1849 ἀλλ’
936 1787 961 1849 εἰ
988 1786 1124 1869 ἐλέγομεν
1151 1787 1222 1850 αὐτὸ
1250 1789 1285 1852 ἐκ
1306 1793 1432 1873 γεώδους
1454 1795 1502 1856 καὶ

217 1910 243 1954 ιο
258 1892 423 1959 ὑδατώδους
444 1889 526 1965 εἶναι,
554 1890 645 1975 ἐχρῆν
671 1890 719 1953 καὶ
745 1887 910 1974 ψυχόμενον
937 1889 1008 1953 αὐτὸ
1032 1890 1072 1972 μὴ
1096 1889 1313 1970 ἐξυδατυῦσθαι,
1340 1892 1502 1958 τούναντίον

243 1998 276 2062 δὲ
296 1996 345 2059 καὶ
367 1992 543 2076 πησσεσθαι,
566 1993 699 2076 καθάπερ
715 1994 763 2055 καὶ
785 1993 821 2055 τά
843 1993 876 2058 ἐκ
891 1998 943 2077 τῆς
957 1998 1011 2076 γῆς
1030 1994 1078 2056 καὶ
1094 1993 1198 2062 όδατος
1213 1996 1327 2079 όρώμεν
1343 2000 1385 2082 τῷ
1402 1997 1501 2084 χρόνῳ
1515 2016 1542 2059 ετ

254 2096 452 2184 Εηραινόμενα.
497 2095 572 2157 ἀλλὰ
600 2095 656 2179 μὴν
679 2096 727 2159 καί
754 2096 780 2159 εἰ
801 2094 838 2178 ἦν
864 2096 947 2177 αἷμα,
977 2097 1017 2164 ὥς
1039 2118 1112 2164 τινες
1137 2093 1248 2181 ἔφασαν
1275 2102 1332 2161 τῶν
1360 2100 1501 2184 ἀρχαίων,

241 2204 328 2288 πέψει
350 2201 383 2264 δὲ
406 2198 622 2283 μεταβεβληκὸς
642 2200 694 2283 τὴν
710 2201 822 2285 χροιάν,
844 2195 903 2261 ἔδει
924 2197 996 2261 αὐτὸ
1019 2203 1063 2284 τῳ
1081 2199 1169 2285 ψόχει
1191 2203 1300 2281 μᾶλλον
1323 2181 1500 2285 πήσσεσθαι,

242 2307 312 2391 όπερ
335 2305 465 2390 καὶπερὶ
480 2308 537 2367 πᾶν
552 2302 626 2385 αἷμα
641 2300 808 2387 ψυχόμενον
828 2301 985 2387 συμβαίνει.
1023 2303 1136 2386 μήποτε
1151 2300 1211 2380 οόν,
1234 2304 1331 2389 φησίν,
1355 2305 1384 2375 ἐξ
1399 2305 1502 2376 όδατος

200 2593 212 2645 1
239 2591 309 2662 βοῦς]
328 2591 408 2643 Arist.
420 2590 482 2642 hist.
494 2589 575 2641 anim.
588 2584 610 2639 Z
624 2585 655 2636 21
676 2601 701 2653 p.
714 2584 821 2638 575225
845 2584 900 2637 κόει
916 2583 936 2638 δ’
952 2584 1021 2637 ἐννέα
1040 2589 1120 2654 μῆνας
1137 2584 1225 2653 (βοῦς),
1245 2585 1343 2655 δεκάτῳ
1362 2588 1387 2640 δέ
1405 2590 1484 2643 τίκτει

197 2679 298 2750 ἐλέφας]
317 2679 398 2731 Arist.
411 2678 471 2730 hist.
484 2678 563 2728 anim.
576 2670 597 2727 E
612 2675 643 2726 14
662 2690 688 2741 p.
698 2673 805 2726 5461>ss
825 2672 879 2725 κόιι
896 2671 915 2726 δ’
934 2673 977 2742 ἔτη
998 2670 1049 2725 δόο.
1080 2673 1140 2725 hist.
1154 2674 1233 2724 anim.
1247 2671 1269 2726 Z
1282 2674 1315 2726 27
1333 2691 1358 2742 p.
1369 2675 1476 2729 5781218
1495 2677 1555 2730 όταν

197 2765 217 2820 δ’
232 2764 328 2836 όχευθη·
346 2766 362 2836 ἡ
381 2763 479 2834 θήλεια,
498 2764 566 2833 φέρει
584 2763 610 2814 ἐν
628 2761 721 2831 γαστρί,
740 2760 775 2819 ώς
794 2762 839 2829 μέν
857 2761 920 2819 τινές
935 2759 1145 2829 φασιν,,ἐνιαυτόν
1163 2761 1206 2812 καὶ
1224 2759 1250 2821 ἐξ
1270 2766 1358 2831 μῆνας,
1377 2763 1413 2822 ὡς
1431 2763 1450 2815 δ’
1466 2765 1553 2836 ἕτερον,

197 2852 245 2924 τρί’
260 2853 304 2923 ἐτη
411 2851 426 2902 7
446 2852 525 2921 άρχὴ]
543 2850 624 2902 Arist.
637 2856 703 2917 pan,
715 2849 795 2900 anim.
810 2845 858 2900 137
878 2864 903 2915 p.
914 2846 1021 2900 653b17
1044 2850 1073 2900 τὸ
1093 2849 1137 2915 μὲν
1154 2848 1200 2916 γὰρ
1217 2850 1334 2918 (σπέρμα)
1351 2850 1418 2922 ἀρχὴ
1435 2854 1554 2921 γενέσεως

197 2940 281 2994 αὑτῶν
299 2943 361 3006 (τῶν
379 2939 461 3008 ζῴων)
480 2938 531 2991 ἐστί
649 2935 680 2988 10
704 2937 817 3003 ἐναπορεῖ
834 2934 847 2987 ό
865 2932 1044 3004 Ἀριστοτέλης]
1064 2951 1150 3003 gener.
1163 2938 1242 2988 anim.
1256 2934 1306 2990 32
1326 2955 1351 3006 ρ.
1366 2938 1473 2992 735a29
1497 2944 1553 3012 περγ

197 3028 224 3081 δέ
241 3033 287 3098 τῆς
298 3032 343 3079 τοῦ
362 3028 501 3096 σπέρματος
520 3023 617 3094 φόσεως
635 3024 779 3094 ἀπορήσειεν
798 3023 834 3075 ἄν.
866 3022 894 3075 τό
913 3023 958 3092 γάρ
977 3025 1074 3093 σπέρμα
1093 3023 1218 3095 ἐξέρχεται
1236 3024 1281 3091 μὲν
1299 3025 1328 3076 ἐκ
1347 3031 1391 3078 τοῦ
1404 3028 1470 3097 ζῴου
1483 3031 1552 3101 παχὺ

197 3118 241 3169 καὶ
263 3115 364 3181 λευκόν,
387 3114 527 3184 ψυχόμενον
546 3112 572 3165 δέ
589 3112 679 3181 γίνεται
697 3110 769 3180 ὑγρὸν
788 3109 872 3181 ὥσπερ
893 3108 972 3180 ὕδωρ,
996 3112 1039 3163 καὶ
1061 3112 1091 3164 τό
1115 3117 1207 3181 χρῶμα
1230 3109 1326 3170 ὕδατος.
1362 3113 1454 3167 ἄτοπον
1472 3116 1503 3185 δὴ
1522 3118 1553 3169 άν

197 3202 298 3264 δόξειεν·
324 3201 353 3254 οίι
372 3202 418 3272 γὰρ
430 3200 566 3272 παχόνεται
584 3198 652 3270 ὕδωρ
670 3196 765 3269 θερμῷ,
782 3198 811 3251 τό
829 3197 848 3250 δ’
865 3197 958 3250 ἐσωθεν
976 3199 1006 3250 ἐκ
1023 3196 1118 3269 θερμοῦ
1131 3198 1257 3268 ἐξέρχεται
1275 3199 1352 3270 παχό,
1371 3201 1511 3273 ψυχόμενον
1526 3204 1552 3257 δὲ

197 3291 287 3360 γίνεται
310 3289 390 3360 όγρόν.
424 3290 505 3342 καίτοι
526 3288 648 3360 πήγνυταί
665 3306 692 3357 γε
712 3287 744 3339 τὰ
762 3286 891 3357 δδατώδη·
916 3286 945 3338 τὸ
963 3285 989 3338 δὲ
1008 3288 1104 3356 σπέρμα
1126 3285 1155 3338 οδ
1173 3286 1293 3356 πήγνυται
1311 3286 1439 3357 τιθέμενον
1457 3292 1483 3344 ἐν
1501 3300 1553 3351 τοῖς

196 3379 283 3447 πάγοις
301 3375 442 3447 ὑπαίθριον,
463 3376 515 3429 ἀλλ’
531 3370 680 3446 δγραίνεται,
702 3373 737 3433 ώς
756 3373 803 3427 ὕπὸ
821 3379 865 3426 τοῦ
885 3375 994 3427 ἐναντίου
1012 3371 1146 3443 παχυνθέν.
1177 3374 1240 3427 ἀλλὰ
1258 3377 1308 3446 μὴν
1327 3376 1376 3430 οόδ’
1392 3378 1439 3430 Ιἰπό
1458 3377 1552 3449 θερμοῦ

197 3462 351 3536 παχόνεσθαι
368 3463 477 3533 εὔλογον.
512 3462 557 3516 όσα
575 3464 620 3533 γὰρ
638 3468 683 3533 γῆς
701 3461 783 3515 πλεῖον
802 3462 866 3531 ἔχει,
888 3467 967 3513 ταῦτα
985 3462 1124 3513 συνίσταται
1142 3464 1184 3515 καλ
1203 3463 1338 3535 παχόνεται
1357 3465 1479 3535 ἑψόμενα,
1501 3467 1552 3520 οίον

197 3553 287 3607 καὶτὸ
306 3552 377 3623 γάλα.
408 3552 456 3604 ἔδει
474 3550 516 3603 οὖν
535 3550 675 3621 ψυχόμενον
694 3547 861 3621 στερεοῦσθαι.
891 3554 933 3601 νῦν
951 3549 972 3601 δ’
987 3548 1059 3602 οὐθὲν
1077 3551 1167 3619 γίνεται
1185 3553 1295 3621 στερεόν,
1317 3552 1380 3607 ἀλλὰ
1401 3561 1449 3606 πᾶν
1468 3555 1552 3627 ὥσπερ

197 3637 273 3711 ὕδωρ.
303 3641 320 3711 ἡ
339 3641 384 3707 μὲν
402 3638 444 3692 οὖν
463 3639 552 3709 ἀπορία
570 3636 633 3708 αότη
653 3638 729 3689 ἐστίν·
754 3637 775 3688 εί
793 3637 838 3702 μὲν
856 3636 901 3705 γὰρ
920 3634 996 3704 ὕδωρ,
1014 3636 1042 3689 τό
1061 3635 1128 3708 ὕδωρ
1145 3637 1174 3690 οὐ
1186 3641 1297 3708 φαίνεται
1314 3644 1484 3711 παχυνόμενον
1503 3643 1552 3696 όπδ

196 3733 241 3782 τοῦ
263 3726 371 3797 θερμοῦ,
394 3726 423 3779 τό
445 3725 465 3778 δ’
481 3724 607 3796 ἐξέρχεται
629 3726 697 3795 παχὺ
720 3725 763 3776 καὶ
784 3722 876 3793 θερμόν
899 3725 942 3775 καὶ
964 3725 994 3776 ἐκ
1016 3722 1111 3793 θερμοῦ
1133 3727 1324 3796 τοῦσώματος·
1349 3731 1370 3783 εί
1388 3729 1407 3781 δ’
1423 3732 1451 3783 ἐκ
1471 3732 1551 3802 γῆςῆ

197 3815 286 3885 μικτόν
307 3820 354 3886 γῆς
374 3815 417 3867 καὶ
437 3811 538 3877 ὕδατος,
561 3813 608 3865 οόκ
630 3812 677 3865 ἐδτι
698 3811 770 3881 ὑγρόν
791 3817 839 3863 πᾶν
859 3809 967 3881 γίνεσθαι
988 3813 1031 3863 καὶ
1052 3810 1119 3881 ὕδωρ
1263 3815 1293 3866 Π
1318 3815 1381 3868 ἀλλὰ
1402 3819 1451 3887 μὴν
1469 3820 1513 3870 καὶ
1530 3819 1552 3871 εί

196 3904 227 3975 γι
248 3902 321 3973 αμα]
344 3904 416 3955 locus
438 3902 508 3970 apud
529 3901 694 3953 Aristotelem
718 3909 772 3952 non
793 3904 885 3952 extans
1028 3900 1059 3952 ιιι
1084 3900 1192 3970 fuam]
1215 3902 1294 3955 ιοιι.
1307 3904 1550 3969 μητειοιοων
1592 3882 1600 3897 ’

196 4008 222 4060 p.
236 3990 326 4044 735b7
346 3991 519 4053 (continuatio
543 3989 593 4042 loci
617 4002 695 4055 supra
718 3989 804 4050 citati)
828 3987 844 4056 ἡ
866 3988 896 4040 οδ
919 3990 998 4040 πάντα
1020 3991 1051 4041 τὰ
1074 3989 1238 4058 συμβαίνοντα
1260 3990 1421 4062 διηρήκαμεν.
1452 3993 1480 4045 ου
1504 3995 1551 4063 γάρ

197 4079 271 4149 μόνον
294 4077 430 4148 παχόνεται
454 4077 484 4130 τό
507 4076 532 4138 ἐξ
556 4074 645 4134 ὕδατος
667 4076 710 4127 καὶ
731 4075 839 4144 γεώδους
862 4079 1035 4145 συνιστάμενον
1057 4076 1143 4146 ὑγρόν,
1166 4077 1229 4130 ἀλλὰ
1247 4081 1290 4131 καὶ
1309 4079 1338 4132 τό
1356 4078 1382 4140 ἐξ
1400 4078 1489 4139 ὕδατος
1507 4084 1551 4133 καὶ

82 4192 85 4196 ·
117 4168 119 4173 ’
196 4165 345 4234 πνεόματος,
363 4164 413 4217 οἶον
431 4167 475 4217 καὶ
493 4163 506 4218 ό
525 4163 602 4234 ἀφρός
620 4163 709 4232 γίνεται
726 4162 866 4234 παχότερος
884 4165 927 4215 καὶ
939 4163 1035 4228 λευκός,
1054 4165 1097 4216 καὶ
1114 4164 1164 4234 όσῳ
1178 4165 1208 4218 ἃν
1220 4166 1336 4226 ἐλάττους
1349 4169 1392 4220 καὶ
1405 4166 1551 4238 ἀδηλότεραι

196 4254 222 4306 αἱ
239 4252 395 4322 πομφόλυγος
413 4251 468 4313 ὦσι,
487 4249 598 4320 τοσσότῳ
616 4252 660 4302 καὶ
677 4249 824 4320 λευκότερος
842 4251 885 4302 καὶ
898 4251 1054 4322 στιφρότερος
1072 4251 1084 4303 ό
1104 4251 1178 4321 ὄγκος
1195 4255 1313 4323 φαίνεται.
1344 4255 1373 4307 τό
1392 4253 1412 4306 δ’
1427 4255 1488 4308 αὐτό
1507 4258 1551 4308 καὶ

195 4342 225 4394 τό
243 4340 324 4393 ἔλαιον
342 4342 443 4409 πάσχει·
469 4338 605 4408 παχύνεται
622 4340 668 4409 γάρ
683 4342 721 4407 τιγῑ
733 4339 853 4406 πνεόματι
871 4337 1028 4408 μιγώμενον·
1053 4339 1090 4392 διό
1108 4340 1191 4394 καὶτὸ
1209 4340 1397 4410 λευκαινόμενον
1410 4344 1551 4415 παχότερον

195 4430 286 4498 γίνεται
303 4432 348 4480 τοῦ
366 4427 462 4485 ἐνόντος
480 4426 621 4485 ὑδατώδους
640 4426 688 4480 ότό
706 4430 751 4479 τοῦ
769 4425 863 4497 θερμοῦ
881 4427 1065 4498 διακρινομένου
1087 4430 1130 4481 καί
1148 4431 1275 4498 γινομένου
1294 4429 1432 4499 πνεύματος
1446 4469 1453 4482 .
1467 4470 1473 4483 .
1488 4471 1494 4484 .
1508 4437 1551 4488 καὶ

196 4515 257 4569 αὐτὸ
274 4514 303 4568 τό
321 4513 388 4587 ὕδωρ
401 4520 440 4584 τῷ
451 4515 526 4587 ἐλαίῳ
539 4514 685 4584 μιγνόμενον
703 4516 794 4584 γίνεται
806 4517 873 4586 παχὺ
886 4516 929 4567 καὶ
947 4514 1048 4568 λευκόν·
1073 4518 1116 4569 καὶ
1134 4518 1180 4588 γὰρ
1195 4517 1243 4570 ὑπὸ
1261 4522 1306 4587 τῆς
1319 4519 1427 4590 τρίψεως
1445 4522 1550 4591 ἐγκατα-

197 4777 213 4829 5
240 4776 461 4847 ἐπιγραφησομένῳ
482 4777 546 4838 (non
567 4775 804 4845 ἐπιγραφομένῳ)Ρ
951 4777 981 4828 14
1009 4776 1124 4845 ἐλέγομεν
1143 4779 1247 4846 scripsi:
1276 4779 1417 4847 λέγομενΡ

199 4866 229 4917 1ss
249 4866 320 4929 (item
342 4864 382 4928 18)
406 4859 543 4932 πψσσεσθαι
559 4865 639 4915 Ηυεοι
662 4864 784 4933 πήσετθαι
802 4865 820 4915 l'
914 4865 943 4915 18
961 4864 1147 4934 μεταβεβληκὸς
1165 4866 1281 4933 Sauppe:
1304 4868 1474 4938 μεταβεβηκός
1493 4870 1513 4921 P
