3510 5610
293 292 355 355 112
452 292 703 345 ARISTOPHANIS
722 292 906 345 HISTORIAE
925 293 1116 347 ANIMALIUM
1135 294 1285 347 ΕΡΙΤΟΜΕ
1304 296 1327 347 11
1346 292 1492 349 386-391

345 464 437 545 γαλῆς
461 464 621 548 θαυμάσιόν
644 490 671 529 τι
693 466 773 548 γένος
794 466 872 550 παρὰ
895 467 948 550 τὴν
970 466 1103 552 Δάφνην,
1125 466 1202 551 ἧςή
1226 468 1278 551 μὲν
1300 468 1370 552 δέρη
1392 468 1467 553 θριξὶ
1489 492 1600 554 χρυσο-

344 565 432 630 ειδέσι
454 572 542 651 κομᾷ,
565 568 721 652 ἐραλλεται
744 570 776 631 δὲ
797 570 931 653 καθάπερ
955 567 1030 653 ὄρνις
1052 570 1101 633 ἐπὶ
1123 571 1189 641 τούς
1211 570 1275 633 ἐκεῖ
1294 570 1421 655 συχνούς
1443 572 1596 657 κυπέρους.

345 666 418 752 μύνη
453 671 485 733 δὲ
518 669 586 732 καθ’
613 672 704 754 αύτὴν
734 674 891 735 διαιτᾶται·
928 671 1026 756 τρέφει
1058 673 1112 756 γὰρ
1141 675 1160 757 ή
1191 674 1292 757 Δάφνη
1326 672 1409 736 οὐδὲν
1438 672 1507 737 οὔτε
1537 680 1597 737 τῶν

345 768 467 853 ίοβύλων
496 771 562 835 οὔτε
591 774 626 856 δὴ
654 779 711 835 τῶν
740 776 855 858 θηρῶν,
886 775 962 838 ἀλλά
991 777 1076 860 χάρις
1104 774 1160 859 ὅση
1188 777 1237 839 καὶ
1266 776 1328 859 ὥρα
1354 776 1519 861 περιβάλλει
1546 778 1596 839 τόν

318 878 454 957 οχῶρον.

428 976 521 1059 (387)
550 976 837 1063 Ἀριστοφάνους.
875 976 915 1042 Ἡ
943 980 1014 1048 ίκτίς
1040 980 1100 1043 ἐστι
1123 981 1175 1064 μὲν
1198 981 1282 1064 ἀγρία
1303 984 1395 1065 γαλῆ,
1422 980 1487 1067 ἔχει
1508 982 1541 1045 δὲ
1562 982 1597 1045 τό

345 1078 467 1161 μέγεθος
494 1079 593 1163 ήλίκον
617 1080 765 1164 λίελιταίιρ
793 1081 923 1165 κυνιδίιρ,
951 1083 1002 1164 τήν
1029 1084 1062 1145 δὲ
1089 1085 1235 1165 δασύτητα
1260 1084 1308 1146 καὶ
1330 1084 1382 1167 τὴν
1405 1082 1470 1167 ὄψιν
1492 1086 1540 1147 καί
1562 1084 1597 1147 τδ

342 1182 444 1243 λευκδν
471 1184 503 1245 τό
526 1184 658 1245 κάτωθεν
685 1187 735 1245 τού
759 1183 900 1266 στήθους,
928 1186 979 1267 τήν
1002 1207 1033 1246 τε
1059 1186 1232 1269 κακουργίαν
1259 1186 1308 1248 καὶ
1334 1185 1370 1248 τά
1397 1184 1533 1250 ἐντύσθια
1553 1189 1595 1269 τῇ

342 1286 507 1369 κατοικιδίῳ
534 1288 621 1368 γαλῇ.
666 1286 782 1348 δύναται
810 1286 842 1348 δὲ
867 1287 1082 1349 τιθασεύεσθαι.
1128 1288 1284 1351 ἐπιτίθεται
1309 1288 1341 1351 δὲ
1363 1286 1461 1372 ὄρνισι
1505 1288 1539 1351 τό
1560 1289 1595 1351 δὲ

304 1402 330 1445 10
344 1388 452 1450 αἰδοῖον
475 1385 537 1472 ἔχει
561 1388 576 1450 ύ
600 1387 690 1471 ἀρρην
718 1386 843 1457 ὀστινον,
871 1389 886 1451 δ
915 1391 996 1452 δοκεῖ
1019 1388 1092 1452 εἷναι
1119 1392 1271 1475 φάρμακον
1299 1391 1518 1475 στραγγουρίας,
1544 1390 1597 1453 ἐάν

341 1514 383 1559 τις
404 1489 475 1552 αότύ
499 1491 529 1552 ἐν
553 1490 632 1575 μέρει
656 1495 745 1553 ποτοῦ
768 1490 889 1559 ἐπιξύων
913 1494 995 1576 διδῷ.
1041 1492 1153 1573 λέγεται
1176 1492 1222 1563 δέ,
1250 1493 1316 1556 ὅταν
1340 1494 1496 1578 συμβαλλη
1520 1492 1597 1578 ὄρει,

344 1592 506 1677 προεσθίειν
529 1593 562 1655 τδ
584 1593 681 1676 ἀγριον
704 1595 831 1676 πήγανον
855 1597 895 1661 ὡς
917 1594 1054 1677 πολέμιον
1077 1594 1158 1680 αύτηῑ
1184 1597 1324 1681 ὑπάρχον.

427 1694 520 1777 (388)
549 1692 608 1758 Ἐκ
630 1700 688 1758 τοῦ
712 1694 900 1779 Τιμοθέου.
937 1696 1066 1780 Πονηούν
1084 1722 1109 1760 τι
1134 1702 1210 1782 ξιμον
1233 1701 1280 1761 καὶ
1295 1702 1454 1782 κακοῦργον
1478 1698 1596 1781 ήίκτίς,

342 1796 494 1882 ἐπιβουλύν
510 1822 541 1860 τε
564 1797 653 1882 ὄρνισι
677 1800 800 1881 μάλιστα
819 1805 882 1869 ταῖς
900 1800 1090 1869 κατοικιδίυις.
1125 1800 1205 1883 ἕρπει
1227 1806 1295 1884 γοῦν
1315 1801 1370 1864 ἀνά
1388 1801 1454 1869 τοὺς
1475 1801 1595 1885 τοίχους

303 1918 329 1962 15
343 1904 390 1965 καὶ
416 1899 517 1968 αὐταῖς
544 1900 716 1963 ἐπιτίθεται·
755 1900 843 1964 ύπύτε
873 1903 904 1964 δὲ
934 1903 1090 1985 δλισθησαι
1120 1904 1264 1988 συμβαίη,
1292 1905 1325 1967 τό
1356 1902 1449 1987 στύμα
1478 1904 1596 1987 μύσασα

341 2004 456 2087 συνέχει
479 2004 511 2064 τό
535 2002 636 2083 ἀσθμα
662 2006 709 2067 καὶ
732 2003 894 2084 πνεύματος
916 2002 989 2067 ούσα
1011 2006 1123 2089 πλήρης
1146 2011 1183 2088 τῇ
1206 2010 1245 2089 γή
1269 2006 1382 2090 ἐλαφρὰ
1404 2006 1522 2090 φέρεται
1545 1996 1612 2069 κοιλΙ

341 2106 459 2187 ἀπαθὴς
482 2110 572 2168 κακοῦ
599 2107 735 2190 διαμένει.
837 2106 929 2189 (389)
957 2106 1020 2169 ἀλλ’
1042 2107 1123 2190 ὅμως
1144 2132 1181 2190 τη
1206 2112 1292 2193 καλιᾷ
1315 2114 1372 2171 τῶν
1395 2109 1518 2193 ὀρνίθων
1541 2132 1596 2192 πη-

340 2213 427 2294 γάνου
456 2205 460 2294 ί
489 2208 699 2291 παρατεθέντος
726 2208 778 2271 οὐκ
806 2208 840 2271 ἀν
867 2210 985 2293 θηράση
1014 2209 1065 2292 τήν
1093 2208 1205 2273 εἴσοδον
1233 2209 1294 2274 οὐδ’
1315 2212 1340 2274 εἰ
1368 2212 1492 2295 μάλιστα
1517 2215 1649 2297 τῷπηι

343 2318 419 2398 λιμῷ
444 2312 594 2397 τρύχηται.

302 2434 329 2477 νο
427 2416 520 2499 (390)
550 2414 831 2499 Ἀριστοφάνους.
865 2413 901 2477 Ἡ
926 2414 1047 2497 ἀλώπηξ
1070 2416 1130 2477 ἐστὶ
1153 2415 1204 2496 μὲν
1227 2418 1275 2478 καὶ
1297 2415 1371 2499 αύτὴ
1394 2415 1596 2501 καρχαρύδους

343 2522 391 2584 καὶ
407 2520 597 2604 πολυσχιδής.
621 2520 822 2601 ἀνατμηθεῐσα
845 2519 877 2580 δὲ
892 2520 953 2580 κυνὶ
969 2517 1003 2580 τὰ
1019 2516 1153 2581 ἐντύσθια
1175 2520 1267 2581 πάντα
1283 2519 1419 2601 κέκτηται
1441 2518 1539 2600 ὅμοια.

345 2624 438 2708 (391)
460 2622 559 2707 ὀχεύει
581 2622 613 2683 δὲ
635 2622 822 2705 ἐπιβαίνουσα
844 2622 977 2705 καθάπερ
1000 2621 1048 2683 καὶ
1071 2622 1087 2682 ύ
1111 2620 1202 2683 κύων·
1236 2622 1322 2684 τίκτει
1344 2623 1376 2685 δὲ
1398 2622 1469 2684 ίυσελ
1491 2620 1596 2705 ἄρκτος

285 2799 301 2850 6
324 2799 340 2866 ἡ
359 2795 434 2864 ίκτλς]
455 2798 532 2848 Arist.
546 2796 607 2846 hist.
620 2794 699 2845 anim.
713 2790 752 2844 16
774 2808 799 2860 p.
813 2792 921 2844 circlo
943 2792 959 2861 τ’,
978 2790 997 2843 δ’
1013 2790 1076 2850 ίκτις
1094 2792 1146 2843 ἔστι
1165 2793 1210 2859 μὲν
1228 2792 1257 2846 τὸ
1279 2790 1383 2861 μέγεθος
1404 2791 1491 2862 ήλίκον
1510 2788 1648 2847 Μελιταῖον

285 2886 392 2939 κυνίδιον
410 2892 461 2936 τῶν
480 2889 586 2951 μικρῶν.
605 2882 650 2950 τήν
669 2880 695 2932 δὲ
714 2879 838 2950 δασύτητα
858 2880 901 2931 καὶ
919 2880 965 2948 τὴν
985 2878 1041 2947 ὄψιν
1060 2880 1102 2930 καί
1120 2879 1148 2931 τδ
1167 2879 1255 2931 λευκόν
1270 2881 1299 2933 τὸ
1312 2880 1433 2932 ύποκτίτω
1451 2880 1494 2931 καὶ
1510 2884 1554 2932 τού
1567 2878 1648 2949 ἤθους

284 2975 330 3043 τὴν
349 2972 499 3040 κακουργίαν
517 2969 602 3037 ὅμοιον
621 2968 694 3037 γαλγ·μ
713 2968 755 3018 καί
773 2966 889 3019 τιθασσδν
908 2966 933 3018 δὲ
952 2966 1042 3034 γίνεται
1060 2967 1164 3036 σφόδρα,
1182 2970 1213 3020 τὰ
1232 2969 1257 3022 δὲ
1277 2969 1359 3039 σμήνη
1379 2974 1528 3036 κακουργεῖ·
1548 2970 1586 3037 τῷ
1599 2968 1648 3040 γὰρ

284 3059 364 3129 μέλιτι
378 3059 465 3129 χαίρει.
493 3058 544 3109 ἔστι
563 3057 589 3108 δὲ
607 3057 650 3107 καὶ
664 3054 826 3123 ὀρνιθοράγον
845 3053 928 3124 ὥσπερ
947 3054 971 3105 αἱ
990 3052 1109 3123 αἴλουροι.
1136 3054 1165 3107 τδ
1184 3055 1203 3107 δ1
1217 3054 1307 3108 αἰδοῖον
1326 3054 1404 3123 αύτῆς
1423 3054 1474 3107 ἔστι
1487 3056 1541 3121 μίν,
1560 3054 1647 3126 ὥσπερ

285 3147 389 3217 είρηται,
408 3146 503 3209 ὀστούν,
521 3144 590 3196 δοκεῖ
607 3142 626 3195 δ’
640 3143 700 3194 εἶναι
719 3144 850 3211 φάρμακον
864 3142 1037 3211 στραγγουρίας
1055 3140 1084 3192 τδ
1102 3147 1145 3193 τού
1163 3144 1275 3213 α’ρρενος·
1296 3142 1388 3195 διδόασι
1406 3140 1425 3193 δ’
1438 3141 1587 3202 ἑπιξύοντες.
1612 3142 1647 3195 τί.

285 3237 377 3287 ιιιίτυλ).
388 3249 457 3285 ausc.
470 3234 500 3283 12
517 3249 542 3300 p.
553 3232 652 3283 Srrlbl.
678 3231 790 3281 Ὶῗίιουίίι.
806 3246 830 3297 p.
839 3229 920 3293 22,1”ι
935 3230 1030 3295 Haupt.
1134 3229 1161 3281 ll
1181 3228 1287 3299 λέγεται]
1307 3229 1339 3282 ci.
1355 3230 1435 3282 Arist.
1446 3230 1507 3283 hist.
1518 3226 1646 3283 anim.16

283 3340 309 3392 p.
323 3320 439 3375 612128.
469 3320 524 3371 Aci.
538 3325 592 3370 irat.
606 3320 685 3370 anim.
701 3319 734 3369 IV
750 3318 779 3369 14
798 3319 834 3385 (p.
848 3316 926 3381 85‚·'.>1
951 3317 1051 3379 lierch.)
1198 3316 1228 3369 13
1250 3316 1368 3387 πονηρόν]
1391 3316 1505 3369 Timotlr.
1523 3332 1549 3385 p.
1562 3316 1646 3382 ⁴22,st

284 3429 341 3479 κερ.
358 3408 403 3469 λζ’.
421 3409 475 3477 περί
498 3406 598 3465 ίκτιδος.
635 3405 671 3458 ὅτι
695 3406 711 3474 ἡ
734 3405 855 3473 λεγομένη
878 3404 954 3464 ίκτις,
977 3405 1008 3474 ἣν
1029 3405 1100 3474 ήμεῖς
1122 3402 1206 3457 καλεῖν
1224 3404 1349 3473 είιύθαμεν
1367 3403 1496 3475 αἴλουρον,
1518 3406 1585 3457 κατὰ
1601 3404 1648 3457 τόν

283 3504 367 3566 τοῖχον
391 3496 485 3557 (scribe
507 3500 558 3546 τῶν
580 3494 684 3563 τοίχων)
708 3493 815 3560 ἕρπουσα
833 3494 877 3549 τὰς
896 3491 1061 3550 κατοικιδίους
1079 3492 1157 3562 ὄρνεις
1176 3492 1312 3545 κατεσθίει·
1337 3492 1424 3545 ἐὰνδὲ
1443 3494 1520 3561 πίση,
1540 3498 1647 3559 φυσῶσα

286 3584 365 3652 αύτὴν
383 3584 427 3635 καὶ
446 3582 574 3651 πληροῦσα
593 3582 621 3633 τδ
641 3583 720 3649 δέρμα
739 3582 830 3647 ἀνέμου
849 3579 878 3630 ού
898 3579 1031 3647 βλάπτεται
1167 3582 1196 3631 Π
1220 3578 1272 3633 ἀλλ’
1288 3579 1369 3647 ὅμως]
1390 3580 1503 3632 Τίιῐιοίίι.
1523 3594 1547 3647 p.
1561 3578 1647 3645 22,Ιὸ

284 3672 321 3725 δτι
340 3673 382 3724 ἐάν
399 3689 436 3728 τις
455 3670 565 3739 πήγανον
585 3668 649 3738 βάλη
669 3668 730 3721 ὅπου
752 3668 789 3719 ἀεὶ
808 3668 832 3717 αἱ
852 3665 928 3735 ὄρνεις
946 3666 1098 3730 αὐλίζονται,
1122 3668 1168 3719 ούκ
1192 3668 1322 3736 ἐπέρχεται
1343 3666 1429 3723 αύταῑς
1450 3666 1479 3717 τδ
1497 3666 1585 3735 θηρίον
1601 3684 1646 3717 τα-

283 3762 350 3830 χέως
455 3757 485 3809 21
508 3756 669 3826 πολυσχιδης]
691 3752 1024 3821 Arisr.ge110r.ani1n.ss6
1044 3772 1069 3823 p.
1082 3754 1172 3807 marr
1191 3753 1235 3807 ύσα
1254 3752 1390 3823 πολυσχιδῆ
1409 3760 1461 3806 τῶν
1477 3754 1646 3823 τετραπόδων,

283 3848 334 3899 οἷον
352 3844 422 3898 κύων
441 3844 505 3897 λέων
524 3843 599 3900 λύκος
618 3842 724 3912 ἀλώπηξ
743 3842 796 3899 θὼς
921 3841 954 3892 22
976 3841 1069 3912 ὀχεύει]
1090 3844 1169 3894 Arist.
1182 3842 1244 3894 hist.
1256 3843 1336 3894 anim.
1350 3839 1372 3893 Z
1386 3838 1420 3893 θί
1439 3840 1566 3908 p.580·6
1587 3840 1604 3911 ἠ
1622 3840 1644 3895 δ’

282 3934 388 4001 ἀλώπηξ
407 3932 488 4002 ὀχεύει
507 3933 551 3999 μὲν
571 3930 743 3999 ἀναβαίνουσα,
762 3929 839 3980 τίκτει
858 3926 876 3979 δ’
890 3926 974 3995 ὥσπερ
993 3929 1008 3997 ί,
1028 3929 1127 3997 άρκτος,
1145 3930 1187 3981 καί
1206 3930 1242 3981 ἔτι
1261 3928 1356 3997 μᾶλλον
1375 3928 1554 3999 ἀδιάρθρωτον.
1584 3928 1645 3982 ὅταν

282 4022 308 4073 δὲ
328 4020 406 4089 μέλλη
425 4022 530 4081 τίκτειν,
553 4019 676 4079 ἐκτοπίζει
697 4014 777 4074 ούτως
800 4014 864 4066 ὥστε
887 4018 988 4066 σπάνιον
1010 4016 1070 4067 εἶναι
1088 4018 1117 4069 τὸ
1135 4017 1261 4088 ληφθῆναι
1280 4015 1397 4068 κύουσαν.
1428 4014 1488 4068 ὅταν
1505 4014 1525 4069 δ’
1541 4016 1646 4087 ὀκτίκη,

281 4112 314 4179 rr]
333 4108 433 4176 γλώττη
453 4106 568 4176 λείχουσοι
588 4104 742 4175 ἐκθερμαίνει
761 4103 804 4154 καὶ
823 4104 962 4170 συμπέττει.
993 4104 1071 4156 τίκτει
1089 4105 1114 4156 δὲ
1134 4107 1239 4174 τέτταρα
1257 4107 1289 4158 τά
1307 4104 1408 4157 πλεῖστα

283 4266 299 4316 2
320 4266 377 4323 τούς
391 4300 397 4312 .
411 4299 418 4312 .
432 4299 439 4312 .
452 4264 574 4332 κυπέρους
594 4262 698 4329 scripsi:
722 4261 766 4319 τὰς
779 4295 785 4308 .
800 4296 806 4307 .
820 4294 827 4307 .
841 4261 961 4317 κνπέτους
981 4261 1002 4311 1)
1117 4260 1133 4313 3
1156 4259 1213 4313 καθ’
1230 4260 1309 4330 αύτὴν
1327 4262 1432 4328 scripsi:
1455 4258 1510 4313 κατ’
1525 4258 1603 4331 αὐτὴν
1621 4260 1646 4313 D

282 4354 299 4405 4
322 4359 382 4404 ante
401 4352 486 4422 θηρῶν
506 4351 635 4403 desideres
654 4348 737 4401 ἄλλων
861 4347 877 4395 6
900 4349 1068 4415 ριστοφοίνους,
1086 4346 1110 4400 ’λ
1128 4356 1158 4400 ut
1176 4351 1257 4403 minio
1276 4350 1433 4403 scriberetur
1450 4350 1555 4415 omisso,
1574 4348 1596 4401 D

279 4437 310 4492 'll
330 4441 392 4498 ίκτίς
411 4440 515 4507 scripsi:
541 4438 625 4495 ίλίκτλς
644 4437 721 4505 culpa
738 4436 907 4487 rubricatori„¹
921 4436 943 4488 Ι)
1051 4436 1066 4485 7
1090 4435 1175 4505 ήλίκον
1197 4437 1231 4487 D:
1255 4436 1364 4489 fortasse
1383 4435 1494 4507 ίσήλικυν
1516 4435 1549 4488 ci.
1565 4452 1647 4505 supra

282 4528 314 4579 ιιιΙ
334 4544 360 4594 p.
372 4526 436 4589 55,ss
561 4526 577 4575 8
600 4544 626 4576 τε
645 4526 750 4592 scripsi:
773 4523 799 4575 δὲ
819 4524 839 4574 Ι)
963 4523 993 4574 10
1015 4522 1153 4590 iscripsi:
1177 4524 1192 4592 ἢ
1212 4524 1233 4575 ί)
1358 4524 1534 4594 στραγγουρίας
1551 4524 1647 4593 scripsi

283 4633 314 4667 ex
332 4615 425 4666 Arist:
446 4613 609 4684 στραγκυρίας
628 4614 647 4664 ί)
753 4612 782 4662 14
800 4610 854 4669 ταῖς
870 4613 962 4679 scripsi
981 4611 1024 4674 (ci.
1042 4628 1066 4661 r.
1079 4610 1110 4663 15
1128 4611 1236 4674 αύταῖς);
1255 4616 1305 4668 τοῖς
1322 4612 1343 4662 Ι)
1448 4610 1478 4663 ίδ
1496 4620 1529 4683 τῇ
1547 4616 1581 4684 γῇ
1598 4612 1647 4665 rix

282 4720 384 4767 sanum,
404 4703 505 4754 conicio
524 4701 604 4769 πτηνὴ
624 4702 697 4763 (καὶ),
717 4702 766 4752 υἱοί
786 4699 882 4768 ἐλαφρὰ
901 4708 1031 4767 tamquam
1051 4699 1180 4766 μίσει-ωηο
1198 4699 1335 4751 (iciendum
1355 4708 1394 4751 cst
1513 4700 1545 4753 18
1566 4718 1646 4771 παρα-

282 4790 395 4845 τεθέντος
414 4790 518 4856 scripsi:
542 4806 576 4838 πα
590 4822 596 4835 .
610 4790 736 4843 ατιθέντος
756 4788 777 4838 Ι)
920 4786 1018 4856 θηράση
1038 4792 1061 4839 ct
1080 4786 1203 4856 τρύχηται
1221 4786 1276 4849 (19)
1296 4788 1427 4839 modorum
1450 4788 1581 4855 corruptio
1599 4804 1646 4840 cx·

283 4878 392 4945 ccrpicri
412 4876 498 4927 danda
518 4884 556 4927 cat
