<?xml version="1.0" encoding="UTF-8"?>
<!DOCTYPE html PUBLIC "-//W3C//DTD XHTML 1.0 Transitional//EN"
    "http://www.w3.org/TR/xhtml1/DTD/xhtml1-transitional.dtd">
<html xmlns="http://www.w3.org/1999/xhtml" xml:lang="en" lang="en">
 <head>
  <title>
</title>
<meta http-equiv="Content-Type" content="text/html;charset=utf-8" />
  <meta name='ocr-system' content='tesseract 3.04.00' />
  <meta name='ocr-capabilities' content='ocr_page ocr_carea ocr_par ocr_line ocrx_word'/>
</head>
<body>
  <div class='ocr_page' id='page_1' title='image "./supplementumari01arisgoog_0372.png"; bbox 0 0 3510 5610; ppageno 0'>
   <div class='ocr_carea' id='block_1_1' title="bbox 640 299 1624 364">
    <p class='ocr_par' dir='ltr' id='par_1_1' title="bbox 640 299 1624 364">
     <span class='ocr_line' id='line_1_1' title="bbox 640 299 1624 364; baseline 0.01 -9"><span class='ocrx_word' id='word_1_1' title='bbox 640 300 849 357; x_wconf 76' lang='lat' dir='ltr'><strong>sonoriores</strong></span> <span class='ocrx_word' id='word_1_2' title='bbox 868 302 913 354; x_wconf 76' lang='lat' dir='ltr'><strong>nu</strong></span> <span class='ocrx_word' id='word_1_3' title='bbox 933 300 1113 355; x_wconf 81' lang='lat' dir='ltr'><strong>cnossouu</strong></span> <span class='ocrx_word' id='word_1_4' title='bbox 1511 299 1553 364; x_wconf 86' lang='grc'><strong>43</strong></span> <span class='ocrx_word' id='word_1_5' title='bbox 1616 310 1624 324; x_wconf 90' lang='grc'><em>·</em></span> 
     </span>
    </p>
   </div>
   <div class='ocr_carea' id='block_1_2' title="bbox 172 470 1580 2201">
    <p class='ocr_par' dir='ltr' id='par_1_2' title="bbox 232 470 1572 867">
     <span class='ocr_line' id='line_1_2' title="bbox 253 470 1572 558; baseline 0.002 -25"><span class='ocrx_word' id='word_1_6' title='bbox 253 470 426 538; x_wconf 82' lang='lat' dir='ltr'><strong>differentia</strong></span> <span class='ocrx_word' id='word_1_7' title='bbox 448 495 486 537; x_wconf 84' lang='lat' dir='ltr'><strong>ex</strong></span> <span class='ocrx_word' id='word_1_8' title='bbox 509 472 643 558; x_wconf 77' lang='lat' dir='ltr'><strong>corporis</strong></span> <span class='ocrx_word' id='word_1_9' title='bbox 665 473 847 539; x_wconf 81' lang='lat' dir='ltr'><strong>differentia.</strong></span> <span class='ocrx_word' id='word_1_10' title='bbox 891 474 917 537; x_wconf 87' lang='lat' dir='ltr'><strong>si</strong></span> <span class='ocrx_word' id='word_1_11' title='bbox 939 473 1023 537; x_wconf 89' lang='lat' dir='ltr'><strong>enim</strong></span> <span class='ocrx_word' id='word_1_12' title='bbox 1044 495 1107 538; x_wconf 88' lang='lat' dir='ltr'><strong>una</strong></span> <span class='ocrx_word' id='word_1_13' title='bbox 1128 476 1264 539; x_wconf 82' lang='lat' dir='ltr'><strong>maxime</strong></span> <span class='ocrx_word' id='word_1_14' title='bbox 1285 476 1422 543; x_wconf 86' lang='lat' dir='ltr'><strong>humana</strong></span> <span class='ocrx_word' id='word_1_15' title='bbox 1448 492 1503 555; x_wconf 88' lang='lat' dir='ltr'><strong>per</strong></span> <span class='ocrx_word' id='word_1_16' title='bbox 1521 487 1572 544; x_wconf 76' lang='lat'><strong>554</strong></span> 
     </span>
     <span class='ocr_line' id='line_1_3' title="bbox 232 575 1545 660; baseline 0.002 -23"><span class='ocrx_word' id='word_1_17' title='bbox 232 575 354 639; x_wconf 76' lang='lat' dir='ltr'><strong>simile</strong></span> <span class='ocrx_word' id='word_1_18' title='bbox 376 597 472 660; x_wconf 90' lang='lat' dir='ltr'><strong>genus</strong></span> <span class='ocrx_word' id='word_1_19' title='bbox 494 576 533 639; x_wconf 88' lang='lat' dir='ltr'><strong>ab</strong></span> <span class='ocrx_word' id='word_1_20' title='bbox 555 596 617 639; x_wconf 90' lang='lat' dir='ltr'><strong>una</strong></span> <span class='ocrx_word' id='word_1_21' title='bbox 640 596 770 659; x_wconf 88' lang='lat' dir='ltr'><strong>persona</strong></span> <span class='ocrx_word' id='word_1_22' title='bbox 792 578 957 641; x_wconf 87' lang='lat' dir='ltr'><strong>iulormata</strong></span> <span class='ocrx_word' id='word_1_23' title='bbox 978 576 1071 641; x_wconf 84' lang='lat' dir='ltr'><strong>luisse</strong></span> <span class='ocrx_word' id='word_1_24' title='bbox 1090 577 1225 657; x_wconf 88' lang='lat' dir='ltr'><strong>uidetur,</strong></span> <span class='ocrx_word' id='word_1_25' title='bbox 1247 582 1387 642; x_wconf 87' lang='lat' dir='ltr'><strong>attamen</strong></span> <span class='ocrx_word' id='word_1_26' title='bbox 1408 597 1501 640; x_wconf 90' lang='lat' dir='ltr'><strong>unus-</strong></span> <span class='ocrx_word' id='word_1_27' title='bbox 1516 591 1545 633; x_wconf 77' lang='grc' dir='ltr'><strong>σν</strong></span> 
     </span>
     <span class='ocr_line' id='line_1_4' title="bbox 254 660 1504 763; baseline 0.002 -23"><span class='ocrx_word' id='word_1_28' title='bbox 254 677 383 761; x_wconf 87' lang='lat' dir='ltr'><strong>quisque</strong></span> <span class='ocrx_word' id='word_1_29' title='bbox 407 660 522 742; x_wconf 82' lang='lat' dir='ltr'><strong>eorum</strong></span> <span class='ocrx_word' id='word_1_30' title='bbox 536 677 576 741; x_wconf 90' lang='lat' dir='ltr'><strong>ad</strong></span> <span class='ocrx_word' id='word_1_31' title='bbox 598 677 732 742; x_wconf 89' lang='lat' dir='ltr'><strong>alterum</strong></span> <span class='ocrx_word' id='word_1_32' title='bbox 755 679 965 755; x_wconf 64' lang='lat' dir='ltr'><strong>differentiam,</strong></span> <span class='ocrx_word' id='word_1_33' title='bbox 982 680 1139 763; x_wconf 90' lang='lat' dir='ltr'><strong>quandam</strong></span> <span class='ocrx_word' id='word_1_34' title='bbox 1160 680 1266 757; x_wconf 89' lang='lat' dir='ltr'><strong>habet,</strong></span> <span class='ocrx_word' id='word_1_35' title='bbox 1289 686 1321 743; x_wconf 92' lang='lat' dir='ltr'><strong>et</strong></span> <span class='ocrx_word' id='word_1_36' title='bbox 1343 677 1407 742; x_wconf 86' lang='lat' dir='ltr'><strong>non&#39;</strong></span> <span class='ocrx_word' id='word_1_37' title='bbox 1419 678 1504 743; x_wconf 92' lang='lat' dir='ltr'><strong>simi·</strong></span> 
     </span>
     <span class='ocr_line' id='line_1_5' title="bbox 255 771 1504 867; baseline 0.002 -25"><span class='ocrx_word' id='word_1_38' title='bbox 255 778 331 843; x_wconf 85' lang='lat' dir='ltr'><strong>liter¹</strong></span> <span class='ocrx_word' id='word_1_39' title='bbox 349 780 388 844; x_wconf 88' lang='lat' dir='ltr'><strong>ad</strong></span> <span class='ocrx_word' id='word_1_40' title='bbox 410 801 442 845; x_wconf 92' lang='lat' dir='ltr'><strong>se</strong></span> <span class='ocrx_word' id='word_1_41' title='bbox 466 781 547 864; x_wconf 85' lang='lat' dir='ltr'><strong>ipsos</strong></span> <span class='ocrx_word' id='word_1_42' title='bbox 569 771 695 844; x_wconf 81' lang='lat' dir='ltr'><strong>hab&#39;ent.</strong></span> <span class='ocrx_word' id='word_1_43' title='bbox 740 788 861 867; x_wconf 85' lang='lat' dir='ltr'><strong>oportet</strong></span> <span class='ocrx_word' id='word_1_44' title='bbox 883 789 987 846; x_wconf 88' lang='lat' dir='ltr'><strong>autom</strong></span> <span class='ocrx_word' id='word_1_45' title='bbox 1009 783 1087 851; x_wconf 89' lang='lat' dir='ltr'><strong>scire</strong></span> <span class='ocrx_word' id='word_1_46' title='bbox 1108 790 1139 847; x_wconf 91' lang='lat' dir='ltr'><strong>ct</strong></span> <span class='ocrx_word' id='word_1_47' title='bbox 1158 781 1504 847; x_wconf 84' lang='lat' dir='ltr'><strong>animaedilierentiam</strong></span> 
     </span>
    </p>

    <p class='ocr_par' dir='ltr' id='par_1_3' title="bbox 225 883 1505 1379">
     <span class='ocr_line' id='line_1_6' title="bbox 225 883 1505 969; baseline 0.005 -27"><span class='ocrx_word' id='word_1_48' title='bbox 225 896 291 949; x_wconf 84' lang='lat' dir='ltr'><strong>sex</strong></span> <span class='ocrx_word' id='word_1_49' title='bbox 317 883 402 966; x_wconf 88' lang='lat' dir='ltr'><strong>quali</strong></span> <span class='ocrx_word' id='word_1_50' title='bbox 430 904 523 947; x_wconf 86' lang='lat' dir='ltr'><strong>causa</strong></span> <span class='ocrx_word' id='word_1_51' title='bbox 547 883 598 946; x_wconf 84' lang='lat' dir='ltr'><strong>sit.</strong></span> <span class='ocrx_word' id='word_1_52' title='bbox 642 883 668 946; x_wconf 90' lang='lat' dir='ltr'><strong>si</strong></span> <span class='ocrx_word' id='word_1_53' title='bbox 698 885 780 947; x_wconf 92' lang='lat' dir='ltr'><strong>enim</strong></span> <span class='ocrx_word' id='word_1_54' title='bbox 807 905 918 969; x_wconf 89' lang='lat' dir='ltr'><strong>corpus</strong></span> <span class='ocrx_word' id='word_1_55' title='bbox 944 886 1099 950; x_wconf 90' lang='lat' dir='ltr'><strong>conuertit</strong></span> <span class='ocrx_word' id='word_1_56' title='bbox 1131 886 1268 949; x_wconf 90' lang='lat' dir='ltr'><strong>animam</strong></span> <span class='ocrx_word' id='word_1_57' title='bbox 1300 906 1336 948; x_wconf 90' lang='lat' dir='ltr'><strong>ac</strong></span> <span class='ocrx_word' id='word_1_58' title='bbox 1366 904 1422 968; x_wconf 90' lang='lat' dir='ltr'><strong>per</strong></span> <span class='ocrx_word' id='word_1_59' title='bbox 1447 884 1505 948; x_wconf 92' lang='lat' dir='ltr'><strong>hoc</strong></span> 
     </span>
     <span class='ocr_line' id='line_1_7' title="bbox 254 985 1503 1073; baseline 0.001 -23"><span class='ocrx_word' id='word_1_60' title='bbox 254 1006 461 1070; x_wconf 89' lang='lat' dir='ltr'><strong>unaquaeque</strong></span> <span class='ocrx_word' id='word_1_61' title='bbox 482 985 588 1073; x_wconf 79' lang='lat' dir='ltr'><strong>anima</strong></span> <span class='ocrx_word' id='word_1_62' title='bbox 611 985 649 1049; x_wconf 94' lang='lat' dir='ltr'><strong>ab</strong></span> <span class='ocrx_word' id='word_1_63' title='bbox 671 985 768 1050; x_wconf 88' lang='lat' dir='ltr'><strong>altera</strong></span> <span class='ocrx_word' id='word_1_64' title='bbox 789 987 900 1067; x_wconf 79' lang='lat' dir='ltr'><strong>differt,</strong></span> <span class='ocrx_word' id='word_1_65' title='bbox 923 1008 994 1052; x_wconf 89' lang='lat' dir='ltr'><strong>ecce</strong></span> <span class='ocrx_word' id='word_1_66' title='bbox 1015 988 1139 1052; x_wconf 92' lang='lat' dir='ltr'><strong>uidetur</strong></span> <span class='ocrx_word' id='word_1_67' title='bbox 1153 988 1228 1071; x_wconf 92' lang='lat' dir='ltr'><strong>quia</strong></span> <span class='ocrx_word' id='word_1_68' title='bbox 1242 1009 1351 1072; x_wconf 89' lang='lat' dir='ltr'><strong>corpus</strong></span> <span class='ocrx_word' id='word_1_69' title='bbox 1366 986 1503 1051; x_wconf 92' lang='lat' dir='ltr'><strong>domina·</strong></span> 
     </span>
     <span class='ocr_line' id='line_1_8' title="bbox 255 1088 1503 1174; baseline 0.002 -23"><span class='ocrx_word' id='word_1_70' title='bbox 255 1096 307 1152; x_wconf 91' lang='lat' dir='ltr'><strong>tur</strong></span> <span class='ocrx_word' id='word_1_71' title='bbox 327 1088 465 1170; x_wconf 75' lang='lat' dir='ltr'><strong>animae:</strong></span> <span class='ocrx_word' id='word_1_72' title='bbox 492 1088 519 1151; x_wconf 89' lang='lat' dir='ltr'><strong>si</strong></span> <span class='ocrx_word' id='word_1_73' title='bbox 544 1108 617 1152; x_wconf 91' lang='lat' dir='ltr'><strong>uero</strong></span> <span class='ocrx_word' id='word_1_74' title='bbox 645 1088 749 1152; x_wconf 91' lang='lat' dir='ltr'><strong>anima</strong></span> <span class='ocrx_word' id='word_1_75' title='bbox 771 1090 925 1154; x_wconf 90' lang='lat' dir='ltr'><strong>conuertit</strong></span> <span class='ocrx_word' id='word_1_76' title='bbox 945 1095 1055 1174; x_wconf 90' lang='lat' dir='ltr'><strong>corpus</strong></span> <span class='ocrx_word' id='word_1_77' title='bbox 1077 1097 1109 1155; x_wconf 92' lang='lat' dir='ltr'><strong>ct</strong></span> <span class='ocrx_word' id='word_1_78' title='bbox 1130 1091 1246 1155; x_wconf 85' lang='lat' dir='ltr'><strong>formae</strong></span> <span class='ocrx_word' id='word_1_79' title='bbox 1269 1089 1442 1153; x_wconf 79' lang='lat' dir='ltr'><strong>differentia</strong></span> <span class='ocrx_word' id='word_1_80' title='bbox 1464 1089 1503 1153; x_wconf 93' lang='lat' dir='ltr'><strong>ab</strong></span> 
     </span>
     <span class='ocr_line' id='line_1_9' title="bbox 253 1190 1503 1279; baseline 0 -24"><span class='ocrx_word' id='word_1_81' title='bbox 253 1191 311 1255; x_wconf 90' lang='lat' dir='ltr'><strong>hac</strong></span> <span class='ocrx_word' id='word_1_82' title='bbox 333 1190 443 1255; x_wconf 91' lang='lat' dir='ltr'><strong>eadem</strong></span> <span class='ocrx_word' id='word_1_83' title='bbox 465 1210 557 1254; x_wconf 88' lang='lat' dir='ltr'><strong>causa</strong></span> <span class='ocrx_word' id='word_1_84' title='bbox 579 1191 629 1269; x_wconf 87' lang='lat' dir='ltr'><strong>eit,</strong></span> <span class='ocrx_word' id='word_1_85' title='bbox 652 1212 721 1255; x_wconf 92' lang='lat' dir='ltr'><strong>ecce</strong></span> <span class='ocrx_word' id='word_1_86' title='bbox 743 1192 944 1256; x_wconf 81' lang='lat' dir='ltr'><strong>manifestum</strong></span> <span class='ocrx_word' id='word_1_87' title='bbox 966 1193 1040 1276; x_wconf 89' lang='lat' dir='ltr'><strong>quia</strong></span> <span class='ocrx_word' id='word_1_88' title='bbox 1062 1192 1167 1257; x_wconf 88' lang='lat' dir='ltr'><strong>anima</strong></span> <span class='ocrx_word' id='word_1_89' title='bbox 1182 1192 1359 1256; x_wconf 81' lang='lat' dir='ltr'>dominatur</span> <span class='ocrx_word' id='word_1_90' title='bbox 1375 1191 1503 1279; x_wconf 81' lang='lat' dir='ltr'><strong>corpori.</strong></span> 
     </span>
     <span class='ocr_line' id='line_1_10' title="bbox 255 1293 1503 1379; baseline 0 -21"><span class='ocrx_word' id='word_1_91' title='bbox 255 1301 287 1358; x_wconf 90' lang='lat' dir='ltr'><strong>at</strong></span> <span class='ocrx_word' id='word_1_92' title='bbox 309 1294 336 1358; x_wconf 91' lang='lat' dir='ltr'><strong>si</strong></span> <span class='ocrx_word' id='word_1_93' title='bbox 357 1297 483 1378; x_wconf 89' lang='lat' dir='ltr'><strong>propter</strong></span> <span class='ocrx_word' id='word_1_94' title='bbox 504 1293 672 1357; x_wconf 80' lang='lat' dir='ltr'>mixturam</span> <span class='ocrx_word' id='word_1_95' title='bbox 695 1302 862 1379; x_wconf 90' lang='lat' dir='ltr'><strong>utrumque</strong></span> <span class='ocrx_word' id='word_1_96' title='bbox 885 1296 1086 1374; x_wconf 84' lang='lat' dir='ltr'><strong>conuertitur,</strong></span> <span class='ocrx_word' id='word_1_97' title='bbox 1113 1294 1307 1379; x_wconf 90' lang='lat' dir='ltr'><strong>praeclarum</strong></span> <span class='ocrx_word' id='word_1_98' title='bbox 1330 1294 1404 1378; x_wconf 88' lang='lat' dir='ltr'><strong>quia</strong></span> <span class='ocrx_word' id='word_1_99' title='bbox 1424 1293 1503 1358; x_wconf 86' lang='lat' dir='ltr'><strong>mix-</strong></span> 
     </span>
    </p>

    <p class='ocr_par' dir='ltr' id='par_1_4' title="bbox 214 1396 1580 1583">
     <span class='ocr_line' id='line_1_11' title="bbox 214 1396 1580 1481; baseline -0.001 -25"><span class='ocrx_word' id='word_1_100' title='bbox 214 1413 242 1458; x_wconf 90' lang='lat' dir='ltr'><strong>1o</strong></span> <span class='ocrx_word' id='word_1_101' title='bbox 255 1403 326 1461; x_wconf 90' lang='lat' dir='ltr'><strong>tura</strong></span> <span class='ocrx_word' id='word_1_102' title='bbox 347 1402 480 1479; x_wconf 88' lang='lat' dir='ltr'><strong>utroque</strong></span> <span class='ocrx_word' id='word_1_103' title='bbox 502 1396 611 1460; x_wconf 92' lang='lat' dir='ltr'><strong>melior</strong></span> <span class='ocrx_word' id='word_1_104' title='bbox 633 1402 689 1476; x_wconf 87' lang='lat' dir='ltr'><strong>est,</strong></span> <span class='ocrx_word' id='word_1_105' title='bbox 712 1402 743 1460; x_wconf 89' lang='lat' dir='ltr'><strong>et</strong></span> <span class='ocrx_word' id='word_1_106' title='bbox 757 1403 854 1461; x_wconf 88' lang='lat' dir='ltr'><strong>restat</strong></span> <span class='ocrx_word' id='word_1_107' title='bbox 868 1397 974 1462; x_wconf 91' lang='lat' dir='ltr'><strong>uidere</strong></span> <span class='ocrx_word' id='word_1_108' title='bbox 994 1419 1073 1481; x_wconf 88' lang='lat' dir='ltr'><strong>quae</strong></span> <span class='ocrx_word' id='word_1_109' title='bbox 1092 1398 1133 1462; x_wconf 86' lang='lat' dir='ltr'><strong>sit</strong></span> <span class='ocrx_word' id='word_1_110' title='bbox 1147 1397 1283 1462; x_wconf 79' lang='lat' dir='ltr'><strong>mixtura</strong></span> <span class='ocrx_word' id='word_1_111' title='bbox 1303 1405 1334 1461; x_wconf 93' lang='lat' dir='ltr'><strong>et</strong></span> <span class='ocrx_word' id='word_1_112' title='bbox 1350 1399 1545 1481; x_wconf 77' lang='lat' dir='ltr'><strong>quomodote</strong></span> <span class='ocrx_word' id='word_1_113' title='bbox 1578 1462 1580 1468; x_wconf 26' lang='lat'><strong><em>¹</em></strong></span> 
     </span>
     <span class='ocr_line' id='line_1_12' title="bbox 253 1499 746 1583; baseline -0.006 -17"><span class='ocrx_word' id='word_1_114' title='bbox 253 1501 425 1566; x_wconf 83' lang='lat' dir='ltr'><strong>miscentur</strong></span> <span class='ocrx_word' id='word_1_115' title='bbox 446 1519 556 1583; x_wconf 90' lang='lat' dir='ltr'><strong>corpus</strong></span> <span class='ocrx_word' id='word_1_116' title='bbox 578 1505 611 1564; x_wconf 90' lang='lat' dir='ltr'><strong>et</strong></span> <span class='ocrx_word' id='word_1_117' title='bbox 632 1499 746 1563; x_wconf 88' lang='lat' dir='ltr'><strong>anima.</strong></span> 
     </span>
    </p>

    <p class='ocr_par' dir='ltr' id='par_1_5' title="bbox 253 1601 1506 1893">
     <span class='ocr_line' id='line_1_13' title="bbox 340 1601 1504 1687; baseline 0.001 -21"><span class='ocrx_word' id='word_1_118' title='bbox 340 1602 397 1666; x_wconf 91' lang='lat' dir='ltr'><strong>His</strong></span> <span class='ocrx_word' id='word_1_119' title='bbox 419 1601 584 1687; x_wconf 87' lang='lat' dir='ltr'><strong>propositis</strong></span> <span class='ocrx_word' id='word_1_120' title='bbox 606 1609 728 1686; x_wconf 78' lang='lat' dir='ltr'><strong>oportet</strong></span> <span class='ocrx_word' id='word_1_121' title='bbox 753 1603 888 1686; x_wconf 90' lang='lat' dir='ltr'><strong>primum</strong></span> <span class='ocrx_word' id='word_1_122' title='bbox 910 1623 1056 1685; x_wconf 78' lang='lat' dir='ltr'><strong>quaerero</strong></span> <span class='ocrx_word' id='word_1_123' title='bbox 1078 1602 1116 1667; x_wconf 94' lang='lat' dir='ltr'><strong>de</strong></span> <span class='ocrx_word' id='word_1_124' title='bbox 1138 1603 1256 1681; x_wconf 89' lang='lat' dir='ltr'><strong>anima,</strong></span> <span class='ocrx_word' id='word_1_125' title='bbox 1284 1624 1324 1667; x_wconf 88' lang='lat' dir='ltr'><strong>an</strong></span> <span class='ocrx_word' id='word_1_126' title='bbox 1352 1603 1504 1686; x_wconf 89' lang='lat' dir='ltr'><strong>quaedam</strong></span> 
     </span>
     <span class='ocr_line' id='line_1_14' title="bbox 253 1704 1505 1786; baseline 0 -15"><span class='ocrx_word' id='word_1_127' title='bbox 253 1705 385 1771; x_wconf 88' lang='lat' dir='ltr'><strong>essentia</strong></span> <span class='ocrx_word' id='word_1_128' title='bbox 411 1711 484 1769; x_wconf 88' lang='lat' dir='ltr'><strong>eta</strong></span> <span class='ocrx_word' id='word_1_129' title='bbox 512 1725 545 1768; x_wconf 91' lang='lat' dir='ltr'><strong>se</strong></span> <span class='ocrx_word' id='word_1_130' title='bbox 571 1704 741 1769; x_wconf 81' lang='lat' dir='ltr'><strong>subsistens</strong></span> <span class='ocrx_word' id='word_1_131' title='bbox 770 1713 810 1768; x_wconf 89' lang='lat' dir='ltr'><strong>et·</strong></span> <span class='ocrx_word' id='word_1_132' title='bbox 827 1726 888 1770; x_wconf 89' lang='lat' dir='ltr'><strong>non</strong></span> <span class='ocrx_word' id='word_1_133' title='bbox 914 1706 947 1769; x_wconf 92' lang='lat' dir='ltr'><strong>in</strong></span> <span class='ocrx_word' id='word_1_134' title='bbox 973 1705 1069 1770; x_wconf 90' lang='lat' dir='ltr'><strong>altero</strong></span> <span class='ocrx_word' id='word_1_135' title='bbox 1097 1727 1162 1770; x_wconf 88' lang='lat' dir='ltr'><strong>esse</strong></span> <span class='ocrx_word' id='word_1_136' title='bbox 1187 1705 1310 1786; x_wconf 84' lang='lat' dir='ltr'><strong>sortita3</strong></span> <span class='ocrx_word' id='word_1_137' title='bbox 1338 1712 1370 1769; x_wconf 94' lang='lat' dir='ltr'><strong>et</strong></span> <span class='ocrx_word' id='word_1_138' title='bbox 1395 1707 1422 1770; x_wconf 92' lang='lat' dir='ltr'><strong>si</strong></span> <span class='ocrx_word' id='word_1_139' title='bbox 1447 1706 1505 1771; x_wconf 94' lang='lat' dir='ltr'><strong>hoc</strong></span> 
     </span>
     <span class='ocr_line' id='line_1_15' title="bbox 254 1796 1506 1893; baseline 0.001 -20"><span class='ocrx_word' id='word_1_140' title='bbox 254 1816 413 1873; x_wconf 91' lang='lat' dir='ltr'><strong>ostensum</strong></span> <span class='ocrx_word' id='word_1_141' title='bbox 435 1807 538 1886; x_wconf 82' lang='lat' dir='ltr'><strong>fuerit,</strong></span> <span class='ocrx_word' id='word_1_142' title='bbox 560 1815 664 1870; x_wconf 87' lang='lat' dir='ltr'><strong>utrum</strong></span> <span class='ocrx_word' id='word_1_143' title='bbox 687 1807 888 1891; x_wconf 88' lang='lat' dir='ltr'><strong>incorporalis</strong></span> <span class='ocrx_word' id='word_1_144' title='bbox 911 1816 957 1872; x_wconf 88' lang='lat' dir='ltr'><strong>est</strong></span> <span class='ocrx_word' id='word_1_145' title='bbox 978 1796 1171 1892; x_wconf 69' lang='lat' dir='ltr'><strong>simplexque</strong></span> <span class='ocrx_word' id='word_1_146' title='bbox 1195 1816 1227 1872; x_wconf 88' lang='lat' dir='ltr'><strong>et</strong></span> <span class='ocrx_word' id='word_1_147' title='bbox 1247 1809 1452 1893; x_wconf 91' lang='lat' dir='ltr'><strong>incomposita</strong></span> <span class='ocrx_word' id='word_1_148' title='bbox 1474 1818 1506 1874; x_wconf 89' lang='lat' dir='ltr'><strong>et</strong></span> 
     </span>
    </p>

    <p class='ocr_par' dir='ltr' id='par_1_6' title="bbox 172 1910 1546 2201">
     <span class='ocr_line' id='line_1_16' title="bbox 214 1910 1517 1991; baseline 0.002 -18"><span class='ocrx_word' id='word_1_149' title='bbox 214 1927 241 1973; x_wconf 79' lang='lat' dir='ltr'><strong>rs</strong></span> <span class='ocrx_word' id='word_1_150' title='bbox 254 1911 439 1991; x_wconf 86' lang='lat' dir='ltr'><strong>insolubilis,</strong></span> <span class='ocrx_word' id='word_1_151' title='bbox 455 1917 489 1973; x_wconf 86' lang='lat' dir='ltr'><strong>ut</strong></span> <span class='ocrx_word' id='word_1_152' title='bbox 504 1910 678 1973; x_wconf 81' lang='lat' dir='ltr'><strong>uniformis:</strong></span> <span class='ocrx_word' id='word_1_153' title='bbox 701 1910 749 1974; x_wconf 91' lang='lat' dir='ltr'><strong>his</strong></span> <span class='ocrx_word' id='word_1_154' title='bbox 770 1911 939 1974; x_wconf 83' lang='lat' dir='ltr'><strong>necessario</strong></span> <span class='ocrx_word' id='word_1_155' title='bbox 955 1911 1150 1975; x_wconf 89' lang='lat' dir='ltr'><strong>connectitur</strong></span> <span class='ocrx_word' id='word_1_156' title='bbox 1167 1919 1198 1975; x_wconf 89' lang='lat' dir='ltr'><strong>et</strong></span> <span class='ocrx_word' id='word_1_157' title='bbox 1212 1910 1420 1974; x_wconf 82' lang='lat' dir='ltr'><strong>immortalem</strong></span> <span class='ocrx_word' id='word_1_158' title='bbox 1436 1913 1517 1976; x_wconf 71' lang='lat' dir='ltr'><strong>eam*</strong></span> 
     </span>
     <span class='ocr_line' id='line_1_17' title="bbox 255 2012 1503 2099; baseline -0.002 -18"><span class='ocrx_word' id='word_1_159' title='bbox 255 2023 288 2081; x_wconf 91' lang='lat' dir='ltr'><strong>et</strong></span> <span class='ocrx_word' id='word_1_160' title='bbox 308 2012 575 2097; x_wconf 84' lang='lat' dir='ltr'><strong>incorruptibilem</strong></span> <span class='ocrx_word' id='word_1_161' title='bbox 597 2021 628 2078; x_wconf 91' lang='lat' dir='ltr'><strong>et</strong></span> <span class='ocrx_word' id='word_1_162' title='bbox 651 2013 738 2097; x_wconf 89' lang='lat' dir='ltr'><strong>perdi</strong></span> <span class='ocrx_word' id='word_1_163' title='bbox 759 2033 822 2077; x_wconf 92' lang='lat' dir='ltr'><strong>non</strong></span> <span class='ocrx_word' id='word_1_164' title='bbox 844 2034 932 2097; x_wconf 84' lang='lat' dir='ltr'><strong>posse</strong></span> <span class='ocrx_word' id='word_1_165' title='bbox 954 2022 986 2078; x_wconf 89' lang='lat' dir='ltr'><strong>et</strong></span> <span class='ocrx_word' id='word_1_166' title='bbox 1007 2021 1197 2099; x_wconf 82' lang='lat' dir='ltr'><strong>segregatam</strong></span> <span class='ocrx_word' id='word_1_167' title='bbox 1224 2033 1289 2079; x_wconf 90' lang='lat' dir='ltr'><strong>esse</strong></span> <span class='ocrx_word' id='word_1_168' title='bbox 1312 2014 1503 2098; x_wconf 83' lang='lat' dir='ltr'><strong>corporibus3</strong></span> 
     </span>
     <span class='ocr_line' id='line_1_18' title="bbox 172 2108 1546 2201; baseline -0.004 -19"><span class='ocrx_word' id='word_1_169' title='bbox 172 2135 177 2145; x_wconf 90' lang='lat'><em>·</em></span> <span class='ocrx_word' id='word_1_170' title='bbox 256 2124 312 2183; x_wconf 90' lang='lat' dir='ltr'><strong>aut</strong></span> <span class='ocrx_word' id='word_1_171' title='bbox 327 2115 482 2182; x_wconf 90' lang='lat' dir='ltr'><strong>contraria</strong></span> <span class='ocrx_word' id='word_1_172' title='bbox 502 2115 613 2179; x_wconf 89' lang='lat' dir='ltr'><strong>horum</strong></span> <span class='ocrx_word' id='word_1_173' title='bbox 635 2108 815 2201; x_wconf 68' lang='lat' dir='ltr'><strong>accipiendi</strong></span> <span class='ocrx_word' id='word_1_174' title='bbox 836 2124 911 2182; x_wconf 86' lang='lat' dir='ltr'><strong>sunt</strong></span> <span class='ocrx_word' id='word_1_175' title='bbox 931 2117 965 2181; x_wconf 93' lang='lat' dir='ltr'><strong>in</strong></span> <span class='ocrx_word' id='word_1_176' title='bbox 987 2117 1102 2182; x_wconf 92' lang='lat' dir='ltr'><strong>anima.</strong></span> <span class='ocrx_word' id='word_1_177' title='bbox 1517 2131 1546 2176; x_wconf 87' lang='lat' dir='ltr'><strong>eo</strong></span> 
     </span>
    </p>
   </div>
   <div class='ocr_carea' id='block_1_3' title="bbox 469 2366 1292 2471">
    <p class='ocr_par' dir='ltr' id='par_1_7' title="bbox 469 2366 1292 2471">
     <span class='ocr_line' id='line_1_19' title="bbox 469 2366 1292 2471; baseline 0.002 -15"><span class='ocrx_word' id='word_1_178' title='bbox 469 2399 598 2457; x_wconf 81' lang='lat' dir='ltr'><strong>urovu</strong></span> <span class='ocrx_word' id='word_1_179' title='bbox 620 2399 936 2471; x_wconf 66' lang='lat' dir='ltr'><strong>consessurus</strong></span> <span class='ocrx_word' id='word_1_180' title='bbox 956 2366 1015 2460; x_wconf 82' lang='lat' dir='ltr'><strong>sir</strong></span> <span class='ocrx_word' id='word_1_181' title='bbox 1036 2400 1085 2458; x_wconf 78' lang='lat' dir='ltr'><strong>lu</strong></span> <span class='ocrx_word' id='word_1_182' title='bbox 1108 2402 1292 2460; x_wconf 78' lang='lat' dir='ltr'><strong>lccrouus</strong></span> 
     </span>
    </p>
   </div>
   <div class='ocr_carea' id='block_1_4' title="bbox 164 2598 1547 3506">
    <p class='ocr_par' dir='ltr' id='par_1_8' title="bbox 164 2598 1547 3506">
     <span class='ocr_line' id='line_1_20' title="bbox 338 2598 1505 2684; baseline 0.003 -23"><span class='ocrx_word' id='word_1_183' title='bbox 338 2599 436 2682; x_wconf 85' lang='lat' dir='ltr'><strong>Igitur</strong></span> <span class='ocrx_word' id='word_1_184' title='bbox 457 2598 653 2682; x_wconf 86' lang='lat' dir='ltr'><strong>indulgenter</strong></span> <span class='ocrx_word' id='word_1_185' title='bbox 674 2606 873 2683; x_wconf 87' lang='lat' dir='ltr'><strong>assequentes</strong></span> <span class='ocrx_word' id='word_1_186' title='bbox 895 2608 927 2664; x_wconf 88' lang='lat' dir='ltr'><strong>et</strong></span> <span class='ocrx_word' id='word_1_187' title='bbox 948 2606 1090 2664; x_wconf 91' lang='lat' dir='ltr'><strong>ueterum</strong></span> <span class='ocrx_word' id='word_1_188' title='bbox 1112 2605 1326 2684; x_wconf 90' lang='lat' dir='ltr'><strong>et·potentum</strong></span> <span class='ocrx_word' id='word_1_189' title='bbox 1350 2601 1505 2683; x_wconf 83' lang='lat' dir='ltr'><strong>dogmata,</strong></span> 
     </span>
     <span class='ocr_line' id='line_1_21' title="bbox 211 2701 1504 2786; baseline 0.002 -23"><span class='ocrx_word' id='word_1_190' title='bbox 211 2702 340 2767; x_wconf 77' lang='lat' dir='ltr'><strong>nonulla</strong></span> <span class='ocrx_word' id='word_1_191' title='bbox 362 2702 523 2786; x_wconf 89' lang='lat' dir='ltr'><strong>oportebat</strong></span> <span class='ocrx_word' id='word_1_192' title='bbox 538 2701 666 2769; x_wconf 85' lang='lat' dir='ltr'><strong>rationis</strong></span> <span class='ocrx_word' id='word_1_193' title='bbox 680 2703 734 2765; x_wconf 90' lang='lat' dir='ltr'><strong>uia</strong></span> <span class='ocrx_word' id='word_1_194' title='bbox 756 2724 776 2763; x_wconf 69' lang='lat' dir='ltr'><strong>a</strong></span> <span class='ocrx_word' id='word_1_195' title='bbox 799 2702 838 2766; x_wconf 92' lang='lat' dir='ltr'><strong>ad</strong></span> <span class='ocrx_word' id='word_1_196' title='bbox 859 2703 1043 2769; x_wconf 89' lang='lat' dir='ltr'><strong>rationalem</strong></span> <span class='ocrx_word' id='word_1_197' title='bbox 1064 2703 1202 2766; x_wconf 89' lang='lat' dir='ltr'><strong>animam</strong></span> <span class='ocrx_word' id='word_1_198' title='bbox 1224 2703 1389 2767; x_wconf 89' lang='lat' dir='ltr'><strong>essentiam</strong></span> <span class='ocrx_word' id='word_1_199' title='bbox 1404 2703 1504 2766; x_wconf 91' lang='lat' dir='ltr'><strong>incor-</strong></span> 
     </span>
     <span class='ocr_line' id='line_1_22' title="bbox 253 2804 1503 2891; baseline 0 -22"><span class='ocrx_word' id='word_1_200' title='bbox 253 2805 392 2891; x_wconf 90' lang='lat' dir='ltr'><strong>poralem</strong></span> <span class='ocrx_word' id='word_1_201' title='bbox 419 2824 483 2868; x_wconf 91' lang='lat' dir='ltr'><strong>esse</strong></span> <span class='ocrx_word' id='word_1_202' title='bbox 510 2811 542 2868; x_wconf 89' lang='lat' dir='ltr'><strong>et</strong></span> <span class='ocrx_word' id='word_1_203' title='bbox 567 2804 834 2888; x_wconf 84' lang='lat' dir='ltr'><strong>incorruptibilem</strong></span> <span class='ocrx_word' id='word_1_204' title='bbox 861 2812 892 2869; x_wconf 89' lang='lat' dir='ltr'><strong>et</strong></span> <span class='ocrx_word' id='word_1_205' title='bbox 920 2811 1093 2890; x_wconf 88' lang='lat' dir='ltr'><strong>separatam</strong></span> <span class='ocrx_word' id='word_1_206' title='bbox 1121 2825 1260 2889; x_wconf 90' lang='lat' dir='ltr'><strong>corpore,</strong></span> <span class='ocrx_word' id='word_1_207' title='bbox 1294 2806 1344 2869; x_wconf 91' lang='lat' dir='ltr'><strong>cui</strong></span> <span class='ocrx_word' id='word_1_208' title='bbox 1379 2805 1503 2888; x_wconf 90' lang='lat' dir='ltr'><strong>quidem</strong></span> 
     </span>
     <span class='ocr_line' id='line_1_23' title="bbox 254 2906 1505 2992; baseline 0 -20"><span class='ocrx_word' id='word_1_209' title='bbox 254 2906 438 2972; x_wconf 90' lang='lat' dir='ltr'><strong>naturaliter</strong></span> <span class='ocrx_word' id='word_1_210' title='bbox 471 2907 636 2972; x_wconf 90' lang='lat' dir='ltr'><strong>coniuncta</strong></span> <span class='ocrx_word' id='word_1_211' title='bbox 661 2907 715 2970; x_wconf 89' lang='lat' dir='ltr'><strong>sit:</strong></span> <span class='ocrx_word' id='word_1_212' title='bbox 750 2907 985 2990; x_wconf 88' lang='lat' dir='ltr'><strong>quaestionibus</strong></span> <span class='ocrx_word' id='word_1_213' title='bbox 1018 2913 1123 2990; x_wconf 88' lang='lat' dir='ltr'><strong>autem</strong></span> <span class='ocrx_word' id='word_1_214' title='bbox 1158 2928 1212 2992; x_wconf 92' lang='lat' dir='ltr'><strong>per</strong></span> <span class='ocrx_word' id='word_1_215' title='bbox 1244 2907 1379 2971; x_wconf 91' lang='lat' dir='ltr'><strong>multum</strong></span> <span class='ocrx_word' id='word_1_216' title='bbox 1405 2927 1505 2990; x_wconf 84' lang='lat' dir='ltr'><strong>aeque</strong></span> 
     </span>
     <span class='ocr_line' id='line_1_24' title="bbox 253 3008 1504 3096; baseline -0.002 -21"><span class='ocrx_word' id='word_1_217' title='bbox 253 3010 397 3075; x_wconf 92' lang='lat' dir='ltr'><strong>auditum</strong></span> <span class='ocrx_word' id='word_1_218' title='bbox 424 3031 517 3094; x_wconf 88' lang='lat' dir='ltr'><strong>super</strong></span> <span class='ocrx_word' id='word_1_219' title='bbox 542 3010 601 3075; x_wconf 93' lang='lat' dir='ltr'><strong>hoc</strong></span> <span class='ocrx_word' id='word_1_220' title='bbox 627 3009 732 3073; x_wconf 88' lang='lat' dir='ltr'><strong>fideles</strong></span> <span class='ocrx_word' id='word_1_221' title='bbox 760 3009 1011 3096; x_wconf 79' lang='lat' dir='ltr'><strong>adhortantibus,</strong></span> <span class='ocrx_word' id='word_1_222' title='bbox 1038 3017 1160 3096; x_wconf 87' lang='lat' dir='ltr'><strong>oportet</strong></span> <span class='ocrx_word' id='word_1_223' title='bbox 1184 3008 1311 3075; x_wconf 82' lang='lat' dir='ltr'><strong>interim</strong></span> <span class='ocrx_word' id='word_1_224' title='bbox 1339 3009 1504 3075; x_wconf 87' lang='lat' dir='ltr'><strong>essentiam</strong></span> 
     </span>
     <span class='ocr_line' id='line_1_25' title="bbox 253 3111 1547 3196; baseline -0.006 -18"><span class='ocrx_word' id='word_1_225' title='bbox 253 3135 322 3178; x_wconf 90' lang='lat' dir='ltr'><strong>eam</strong></span> <span class='ocrx_word' id='word_1_226' title='bbox 345 3134 364 3177; x_wconf 88' lang='lat' dir='ltr'><strong>a</strong></span> <span class='ocrx_word' id='word_1_227' title='bbox 384 3133 417 3176; x_wconf 90' lang='lat' dir='ltr'><strong>se</strong></span> <span class='ocrx_word' id='word_1_228' title='bbox 438 3112 517 3196; x_wconf 72' lang='lat' dir='ltr'><strong>ipsa</strong></span> <span class='ocrx_word' id='word_1_229' title='bbox 526 3112 746 3176; x_wconf 87' lang='lat' dir='ltr'><strong>subsistentem</strong></span> <span class='ocrx_word' id='word_1_230' title='bbox 767 3111 839 3176; x_wconf 93' lang='lat' dir='ltr'><strong>hinc</strong></span> <span class='ocrx_word' id='word_1_231' title='bbox 861 3113 1031 3177; x_wconf 89' lang='lat' dir='ltr'><strong>ostendere.</strong></span> <span class='ocrx_word' id='word_1_232' title='bbox 1075 3113 1100 3176; x_wconf 90' lang='lat' dir='ltr'><strong>si</strong></span> <span class='ocrx_word' id='word_1_233' title='bbox 1124 3112 1208 3176; x_wconf 90' lang='lat' dir='ltr'><strong>enim</strong></span> <span class='ocrx_word' id='word_1_234' title='bbox 1229 3113 1388 3196; x_wconf 90' lang='lat' dir='ltr'><strong>proprium</strong></span> <span class='ocrx_word' id='word_1_235' title='bbox 1405 3133 1504 3176; x_wconf 87' lang='lat' dir='ltr'><strong>essen-</strong></span> <span class='ocrx_word' id='word_1_236' title='bbox 1517 3127 1547 3170; x_wconf 87' lang='lat' dir='ltr'><strong>ao</strong></span> 
     </span>
     <span class='ocr_line' id='line_1_26' title="bbox 210 3213 1504 3299; baseline 0.001 -22"><span class='ocrx_word' id='word_1_237' title='bbox 210 3232 239 3277; x_wconf 77' lang='lat' dir='ltr'><strong>ao</strong></span> <span class='ocrx_word' id='word_1_238' title='bbox 252 3218 314 3282; x_wconf 90' lang='lat' dir='ltr'><strong>tiae</strong></span> <span class='ocrx_word' id='word_1_239' title='bbox 336 3238 354 3281; x_wconf 90' lang='lat' dir='ltr'><strong>a</strong></span> <span class='ocrx_word' id='word_1_240' title='bbox 376 3235 409 3279; x_wconf 89' lang='lat' dir='ltr'><strong>se</strong></span> <span class='ocrx_word' id='word_1_241' title='bbox 431 3215 498 3299; x_wconf 91' lang='lat' dir='ltr'><strong>ipsa</strong></span> <span class='ocrx_word' id='word_1_242' title='bbox 520 3215 728 3291; x_wconf 86' lang='lat' dir='ltr'><strong>subsistentis,</strong></span> <span class='ocrx_word' id='word_1_243' title='bbox 752 3213 820 3278; x_wconf 91' lang='lat' dir='ltr'><strong>dico</strong></span> <span class='ocrx_word' id='word_1_244' title='bbox 842 3223 947 3280; x_wconf 90' lang='lat' dir='ltr'><strong>autem</strong></span> <span class='ocrx_word' id='word_1_245' title='bbox 970 3215 1151 3279; x_wconf 90' lang='lat' dir='ltr'><strong>indiuiduae</strong></span> <span class='ocrx_word' id='word_1_246' title='bbox 1174 3222 1205 3279; x_wconf 91' lang='lat' dir='ltr'><strong>et</strong></span> <span class='ocrx_word' id='word_1_247' title='bbox 1226 3215 1406 3298; x_wconf 88' lang='lat' dir='ltr'><strong>singularis,</strong></span> <span class='ocrx_word' id='word_1_248' title='bbox 1428 3215 1504 3278; x_wconf 92' lang='lat' dir='ltr'><strong>dum</strong></span> 
     </span>
     <span class='ocr_line' id='line_1_27' title="bbox 164 3317 1502 3403; baseline -0.001 -19"><span class='ocrx_word' id='word_1_249' title='bbox 164 3337 167 3343; x_wconf 83' lang='lat'>·</span> <span class='ocrx_word' id='word_1_250' title='bbox 239 3321 292 3403; x_wconf 17' lang='lat' dir='ltr'><strong>‘sit</strong></span> <span class='ocrx_word' id='word_1_251' title='bbox 313 3319 345 3383; x_wconf 92' lang='lat' dir='ltr'><strong>id</strong></span> <span class='ocrx_word' id='word_1_252' title='bbox 366 3319 469 3403; x_wconf 91' lang='lat' dir='ltr'><strong>ipsum</strong></span> <span class='ocrx_word' id='word_1_253' title='bbox 492 3325 524 3382; x_wconf 91' lang='lat' dir='ltr'><strong>et</strong></span> <span class='ocrx_word' id='word_1_254' title='bbox 546 3339 653 3382; x_wconf 89' lang='lat' dir='ltr'><strong>carens</strong></span> <span class='ocrx_word' id='word_1_255' title='bbox 676 3336 818 3396; x_wconf 91' lang='lat' dir='ltr'><strong>numero,</strong></span> <span class='ocrx_word' id='word_1_256' title='bbox 840 3318 1008 3382; x_wconf 87' lang='lat' dir='ltr'><strong>secundum</strong></span> <span class='ocrx_word' id='word_1_257' title='bbox 1031 3339 1120 3382; x_wconf 87' lang='lat' dir='ltr'><strong>suam</strong></span> <span class='ocrx_word' id='word_1_258' title='bbox 1142 3317 1350 3382; x_wconf 88' lang='lat' dir='ltr'><strong>mobilitatem</strong></span> <span class='ocrx_word' id='word_1_259' title='bbox 1372 3317 1406 3381; x_wconf 92' lang='lat' dir='ltr'><strong>in</strong></span> <span class='ocrx_word' id='word_1_260' title='bbox 1428 3338 1502 3401; x_wconf 90' lang='lat' dir='ltr'><strong>qua-</strong></span> 
     </span>
     <span class='ocr_line' id='line_1_28' title="bbox 252 3420 1504 3506; baseline -0.002 -19"><span class='ocrx_word' id='word_1_261' title='bbox 252 3423 342 3488; x_wconf 91' lang='lat' dir='ltr'><strong>litate</strong></span> <span class='ocrx_word' id='word_1_262' title='bbox 365 3422 478 3485; x_wconf 87' lang='lat' dir='ltr'><strong>sactam</strong></span> <span class='ocrx_word' id='word_1_263' title='bbox 499 3421 689 3504; x_wconf 87' lang='lat' dir='ltr'><strong>receptiuam</strong></span> <span class='ocrx_word' id='word_1_264' title='bbox 717 3440 782 3485; x_wconf 89' lang='lat' dir='ltr'><strong>esse</strong></span> <span class='ocrx_word' id='word_1_265' title='bbox 809 3421 1051 3485; x_wconf 88' lang='lat' dir='ltr'><strong>contrariorum:</strong></span> <span class='ocrx_word' id='word_1_266' title='bbox 1085 3420 1166 3484; x_wconf 89' lang='lat' dir='ltr'><strong>sicut</strong></span> <span class='ocrx_word' id='word_1_267' title='bbox 1194 3441 1320 3504; x_wconf 90' lang='lat' dir='ltr'><strong>corpora</strong></span> <span class='ocrx_word' id='word_1_268' title='bbox 1344 3420 1504 3506; x_wconf 63' lang='lat' dir='ltr'><strong>,receptiua</strong></span> 
     </span>
    </p>
   </div>
   <div class='ocr_carea' id='block_1_5' title="bbox 159 3726 1638 4971">
    <p class='ocr_par' dir='ltr' id='par_1_9' title="bbox 184 3726 1598 4008">
     <span class='ocr_line' id='line_1_29' title="bbox 199 3726 1555 3843; baseline 0.001 -25"><span class='ocrx_word' id='word_1_269' title='bbox 199 3766 213 3818; x_wconf 88' lang='lat' dir='ltr'><strong>l</strong></span> <span class='ocrx_word' id='word_1_270' title='bbox 242 3763 287 3834; x_wconf 84' lang='lat' dir='ltr'><strong>ex]</strong></span> <span class='ocrx_word' id='word_1_271' title='bbox 307 3780 321 3817; x_wconf 84' lang='lat' dir='ltr'><strong>e</strong></span> <span class='ocrx_word' id='word_1_272' title='bbox 342 3764 377 3817; x_wconf 86' lang='lat' dir='ltr'><strong>G¹</strong></span> <span class='ocrx_word' id='word_1_273' title='bbox 421 3835 425 3843; x_wconf 25' lang='grc' dir='ltr'>ἱ</span> <span class='ocrx_word' id='word_1_274' title='bbox 501 3764 571 3817; x_wconf 84' lang='lat' dir='ltr'><strong>enim</strong></span> <span class='ocrx_word' id='word_1_275' title='bbox 589 3762 655 3833; x_wconf 84' lang='lat' dir='ltr'><strong>una]</strong></span> <span class='ocrx_word' id='word_1_276' title='bbox 674 3726 809 3818; x_wconf 44' lang='lat' dir='ltr'><strong>mapa&amp;</strong></span> <span class='ocrx_word' id='word_1_277' title='bbox 826 3765 881 3834; x_wconf 84' lang='lat' dir='ltr'><strong>(lrcc</strong></span> <span class='ocrx_word' id='word_1_278' title='bbox 899 3776 949 3825; x_wconf 77' lang='lat' dir='ltr'><strong>eat,</strong></span> <span class='ocrx_word' id='word_1_279' title='bbox 972 3766 1084 3816; x_wconf 77' lang='lat' dir='ltr'><strong>omiserat</strong></span> <span class='ocrx_word' id='word_1_280' title='bbox 1105 3763 1140 3816; x_wconf 86' lang='lat' dir='ltr'><strong>G¹</strong></span> <span class='ocrx_word' id='word_1_281' title='bbox 1158 3781 1223 3817; x_wconf 80' lang='lat' dir='ltr'><strong>une:</strong></span> <span class='ocrx_word' id='word_1_282' title='bbox 1252 3766 1383 3818; x_wconf 80' lang='lat' dir='ltr'><strong>Doeboero</strong></span> <span class='ocrx_word' id='word_1_283' title='bbox 1400 3766 1497 3817; x_wconf 80' lang='lat' dir='ltr'><strong>videtur</strong></span> <span class='ocrx_word' id='word_1_284' title='bbox 1513 3767 1555 3819; x_wconf 76' lang='lat' dir='ltr'><strong>uel</strong></span> 
     </span>
     <span class='ocr_line' id='line_1_30' title="bbox 184 3851 1598 3922; baseline -0.001 -18"><span class='ocrx_word' id='word_1_285' title='bbox 184 3851 251 3904; x_wconf 69' lang='lat' dir='ltr'><strong>&#39;osae</strong></span> <span class='ocrx_word' id='word_1_286' title='bbox 268 3870 376 3917; x_wconf 75' lang='lat' dir='ltr'><strong>crucam,</strong></span> <span class='ocrx_word' id='word_1_287' title='bbox 399 3854 524 3922; x_wconf 79' lang='lat' dir='ltr'><strong>ipsumque</strong></span> <span class='ocrx_word' id='word_1_288' title='bbox 542 3866 596 3904; x_wconf 83' lang='lat' dir='ltr'><strong>una</strong></span> <span class='ocrx_word' id='word_1_289' title='bbox 613 3870 644 3903; x_wconf 78' lang='lat' dir='ltr'><strong>ex</strong></span> <span class='ocrx_word' id='word_1_290' title='bbox 662 3853 750 3905; x_wconf 82' lang='lat' dir='ltr'><strong>anima</strong></span> <span class='ocrx_word' id='word_1_291' title='bbox 768 3852 832 3920; x_wconf 71' lang='lat' dir='ltr'><strong>(bia)</strong></span> <span class='ocrx_word' id='word_1_292' title='bbox 847 3851 954 3921; x_wconf 80' lang='lat' dir='ltr'><strong>sactum)</strong></span> <span class='ocrx_word' id='word_1_293' title='bbox 1063 3855 1073 3905; x_wconf 95' lang='lat' dir='ltr'><strong>l</strong></span> <span class='ocrx_word' id='word_1_294' title='bbox 1104 3853 1252 3920; x_wconf 86' lang='lat' dir='ltr'><strong>persimile</strong></span> <span class='ocrx_word' id='word_1_295' title='bbox 1272 3851 1419 3905; x_wconf 67' lang='lat' dir='ltr'><strong>Gliaras.</strong></span> <span class='ocrx_word' id='word_1_296' title='bbox 1439 3853 1556 3919; x_wconf 85' lang='lat' dir='ltr'><strong>(llferc</strong></span> <span class='ocrx_word' id='word_1_297' title='bbox 1591 3851 1598 3868; x_wconf 84' lang='lat'>⁸</span> 
     </span>
     <span class='ocr_line' id='line_1_31' title="bbox 197 3938 1468 4008; baseline 0 -16"><span class='ocrx_word' id='word_1_298' title='bbox 197 3941 242 3992; x_wconf 79' lang='lat' dir='ltr'><strong>titt.</strong></span> <span class='ocrx_word' id='word_1_299' title='bbox 262 3957 344 3990; x_wconf 78' lang='lat' dir='ltr'><strong>erac„-</strong></span> <span class='ocrx_word' id='word_1_300' title='bbox 356 3940 410 4006; x_wconf 79' lang='lat' dir='ltr'><strong>suit</strong></span> <span class='ocrx_word' id='word_1_301' title='bbox 428 3953 475 4007; x_wconf 91' lang='lat' dir='ltr'><strong>pro</strong></span> <span class='ocrx_word' id='word_1_302' title='bbox 494 3975 590 3992; x_wconf 88' lang='grc'><strong>......</strong></span> <span class='ocrx_word' id='word_1_303' title='bbox 591 3939 601 4006; x_wconf 96' lang='grc'>)</span> <span class='ocrx_word' id='word_1_304' title='bbox 709 3941 725 3991; x_wconf 80' lang='lat'><strong>2</strong></span> <span class='ocrx_word' id='word_1_305' title='bbox 750 3938 876 4008; x_wconf 85' lang='lat' dir='ltr'><strong>attamen]</strong></span> <span class='ocrx_word' id='word_1_306' title='bbox 895 3945 934 3991; x_wconf 87' lang='lat' dir='ltr'><strong>at·</strong></span> <span class='ocrx_word' id='word_1_307' title='bbox 956 3940 992 3991; x_wconf 75' lang='lat'><strong>6²</strong></span> <span class='ocrx_word' id='word_1_308' title='bbox 1010 3941 1033 3990; x_wconf 80' lang='lat' dir='ltr'><strong>in</strong></span> <span class='ocrx_word' id='word_1_309' title='bbox 1052 3959 1104 3992; x_wconf 79' lang='lat' dir='ltr'><strong>roo.</strong></span> <span class='ocrx_word' id='word_1_310' title='bbox 1211 3940 1228 3993; x_wconf 87' lang='lat'><strong>3</strong></span> <span class='ocrx_word' id='word_1_311' title='bbox 1255 3939 1423 3994; x_wconf 79' lang='lat' dir='ltr'><strong>deferentium</strong></span> <span class='ocrx_word' id='word_1_312' title='bbox 1445 3940 1468 3992; x_wconf 83' lang='lat' dir='ltr'><strong><em>G</em></strong></span> 
     </span>
    </p>

    <p class='ocr_par' dir='ltr' id='par_1_10' title="bbox 190 4024 1638 4708">
     <span class='ocr_line' id='line_1_32' title="bbox 190 4024 1555 4095; baseline -0.001 -14"><span class='ocrx_word' id='word_1_313' title='bbox 190 4029 214 4081; x_wconf 78' lang='lat'><strong>‚4</strong></span> <span class='ocrx_word' id='word_1_314' title='bbox 231 4025 342 4095; x_wconf 83' lang='lat' dir='ltr'><strong>habent]</strong></span> <span class='ocrx_word' id='word_1_315' title='bbox 360 4026 440 4079; x_wconf 85' lang='lat' dir='ltr'><strong>habet</strong></span> <span class='ocrx_word' id='word_1_316' title='bbox 461 4024 496 4077; x_wconf 76' lang='lat'><strong>0¹</strong></span> <span class='ocrx_word' id='word_1_317' title='bbox 619 4025 636 4078; x_wconf 83' lang='lat'>9</span> <span class='ocrx_word' id='word_1_318' title='bbox 654 4027 798 4095; x_wconf 82' lang='lat' dir='ltr'><strong>preclarum</strong></span> <span class='ocrx_word' id='word_1_319' title='bbox 820 4027 843 4079; x_wconf 83' lang='lat' dir='ltr'><strong><em>G</em></strong></span> <span class='ocrx_word' id='word_1_320' title='bbox 950 4026 983 4078; x_wconf 93' lang='lat'><strong>10</strong></span> <span class='ocrx_word' id='word_1_321' title='bbox 1001 4031 1082 4080; x_wconf 81' lang='lat' dir='ltr'><strong>restat</strong></span> <span class='ocrx_word' id='word_1_322' title='bbox 1100 4028 1189 4081; x_wconf 89' lang='lat' dir='ltr'><strong>uidere</strong></span> <span class='ocrx_word' id='word_1_323' title='bbox 1210 4027 1246 4079; x_wconf 79' lang='lat' dir='ltr'><strong>G²</strong></span> <span class='ocrx_word' id='word_1_324' title='bbox 1262 4028 1287 4078; x_wconf 79' lang='lat' dir='ltr'><strong>in</strong></span> <span class='ocrx_word' id='word_1_325' title='bbox 1305 4045 1356 4079; x_wconf 79' lang='lat' dir='ltr'><strong>rus.</strong></span> <span class='ocrx_word' id='word_1_326' title='bbox 1376 4027 1421 4095; x_wconf 87' lang='grc'><strong>(16</strong></span> <span class='ocrx_word' id='word_1_327' title='bbox 1440 4029 1492 4086; x_wconf 74' lang='lat' dir='ltr'><strong>sere</strong></span> <span class='ocrx_word' id='word_1_328' title='bbox 1511 4029 1555 4080; x_wconf 79' lang='lat' dir='ltr'><strong>liu.</strong></span> 
     </span>
     <span class='ocr_line' id='line_1_33' title="bbox 197 4100 1555 4184; baseline 0.001 -19"><span class='ocrx_word' id='word_1_329' title='bbox 197 4114 274 4182; x_wconf 75' lang='lat' dir='ltr'><strong>erae.)</strong></span> <span class='ocrx_word' id='word_1_330' title='bbox 369 4112 397 4165; x_wconf 79' lang='lat'><strong>12</strong></span> <span class='ocrx_word' id='word_1_331' title='bbox 415 4112 568 4183; x_wconf 71' lang='lat' dir='ltr'><strong>propositis]</strong></span> <span class='ocrx_word' id='word_1_332' title='bbox 587 4129 660 4181; x_wconf 88' lang='lat' dir='ltr'><strong>prae·</strong></span> <span class='ocrx_word' id='word_1_333' title='bbox 682 4114 717 4166; x_wconf 88' lang='lat' dir='ltr'><strong>G¹</strong></span> <span class='ocrx_word' id='word_1_334' title='bbox 737 4115 865 4165; x_wconf 73' lang='lat' dir='ltr'><strong>secondum</strong></span> <span class='ocrx_word' id='word_1_335' title='bbox 885 4113 1010 4165; x_wconf 77' lang='lat' dir='ltr'><strong>Doetner.</strong></span> <span class='ocrx_word' id='word_1_336' title='bbox 1095 4115 1126 4167; x_wconf 88' lang='grc'><strong>16</strong></span> <span class='ocrx_word' id='word_1_337' title='bbox 1144 4116 1216 4183; x_wconf 86' lang='lat' dir='ltr'><strong>perdi</strong></span> <span class='ocrx_word' id='word_1_338' title='bbox 1236 4130 1289 4167; x_wconf 90' lang='lat' dir='ltr'><strong>non</strong></span> <span class='ocrx_word' id='word_1_339' title='bbox 1307 4100 1385 4184; x_wconf 76' lang='lat' dir='ltr'><strong>p&#39;osse</strong></span> <span class='ocrx_word' id='word_1_340' title='bbox 1406 4115 1441 4167; x_wconf 83' lang='lat' dir='ltr'><strong>G²</strong></span> <span class='ocrx_word' id='word_1_341' title='bbox 1459 4117 1484 4166; x_wconf 77' lang='lat' dir='ltr'><strong>in</strong></span> <span class='ocrx_word' id='word_1_342' title='bbox 1503 4133 1555 4167; x_wconf 76' lang='lat' dir='ltr'><strong>ras.</strong></span> 
     </span>
     <span class='ocr_line' id='line_1_34' title="bbox 197 4200 1555 4278; baseline 0 -25"><span class='ocrx_word' id='word_1_343' title='bbox 197 4201 243 4269; x_wconf 90' lang='grc'><strong>(10</strong></span> <span class='ocrx_word' id='word_1_344' title='bbox 253 4204 314 4268; x_wconf 83' lang='lat' dir='ltr'><strong>fere</strong></span> <span class='ocrx_word' id='word_1_345' title='bbox 333 4203 377 4253; x_wconf 75' lang='lat' dir='ltr'><strong>lin.</strong></span> <span class='ocrx_word' id='word_1_346' title='bbox 396 4200 473 4267; x_wconf 78' lang='lat' dir='ltr'><strong>erac.)</strong></span> <span class='ocrx_word' id='word_1_347' title='bbox 582 4202 613 4253; x_wconf 87' lang='grc'><strong>19</strong></span> <span class='ocrx_word' id='word_1_348' title='bbox 641 4200 818 4271; x_wconf 86' lang='lat' dir='ltr'><strong>indulgenter]</strong></span> <span class='ocrx_word' id='word_1_349' title='bbox 837 4201 977 4270; x_wconf 86' lang='lat' dir='ltr'><strong>indulgen·</strong></span> <span class='ocrx_word' id='word_1_350' title='bbox 999 4201 1035 4253; x_wconf 77' lang='lat'><strong>6²</strong></span> <span class='ocrx_word' id='word_1_351' title='bbox 1057 4203 1081 4252; x_wconf 80' lang='lat' dir='ltr'><strong>in</strong></span> <span class='ocrx_word' id='word_1_352' title='bbox 1099 4221 1149 4252; x_wconf 80' lang='lat' dir='ltr'><strong>rac.</strong></span> <span class='ocrx_word' id='word_1_353' title='bbox 1175 4201 1273 4271; x_wconf 73' lang='lat' dir='ltr'><strong>[praece</strong></span> <span class='ocrx_word' id='word_1_354' title='bbox 1285 4205 1350 4278; x_wconf 67' lang='lat' dir='ltr'><strong>sort.</strong></span> <span class='ocrx_word' id='word_1_355' title='bbox 1364 4202 1416 4266; x_wconf 73' lang='lat' dir='ltr'><strong>sod</strong></span> <span class='ocrx_word' id='word_1_356' title='bbox 1433 4201 1491 4260; x_wconf 78' lang='grc' dir='ltr'>τοὺς</span> <span class='ocrx_word' id='word_1_357' title='bbox 1510 4203 1555 4270; x_wconf 76' lang='grc' dir='ltr'><strong>μὶν</strong></span> 
     </span>
     <span class='ocr_line' id='line_1_35' title="bbox 196 4276 1638 4362; baseline -0.001 -21"><span class='ocrx_word' id='word_1_358' title='bbox 196 4287 240 4341; x_wconf 78' lang='grc' dir='ltr'><strong>οὖν</strong></span> <span class='ocrx_word' id='word_1_359' title='bbox 259 4289 376 4346; x_wconf 66' lang='grc' dir='ltr'><strong>ἐπιεικῶς</strong></span> <span class='ocrx_word' id='word_1_360' title='bbox 393 4285 594 4345; x_wconf 69' lang='grc' dir='ltr'>ἀκολουθοῦντας</span> <span class='ocrx_word' id='word_1_361' title='bbox 615 4293 666 4347; x_wconf 84' lang='grc' dir='ltr'>τοῖς</span> <span class='ocrx_word' id='word_1_362' title='bbox 683 4295 736 4341; x_wconf 86' lang='grc' dir='ltr'><strong>τῶν</strong></span> <span class='ocrx_word' id='word_1_363' title='bbox 755 4289 799 4341; x_wconf 76' lang='grc' dir='ltr'><strong>καὶ</strong></span> <span class='ocrx_word' id='word_1_364' title='bbox 821 4288 934 4362; x_wconf 77' lang='grc' dir='ltr'>ἀρχαίων</span> <span class='ocrx_word' id='word_1_365' title='bbox 957 4290 1001 4340; x_wconf 77' lang='grc' dir='ltr'><strong>καὶ</strong></span> <span class='ocrx_word' id='word_1_366' title='bbox 1019 4288 1161 4360; x_wconf 69' lang='grc' dir='ltr'>κρατίστων</span> <span class='ocrx_word' id='word_1_367' title='bbox 1185 4288 1303 4358; x_wconf 78' lang='grc' dir='ltr'><strong>δόγμασιν</strong></span> <span class='ocrx_word' id='word_1_368' title='bbox 1316 4287 1428 4358; x_wconf 73' lang='grc' dir='ltr'><strong>Ιοὐδεμιᾷ</strong></span> <span class='ocrx_word' id='word_1_369' title='bbox 1447 4276 1496 4340; x_wconf 72' lang='grc' dir='ltr'><strong>ἔδει</strong></span> <span class='ocrx_word' id='word_1_370' title='bbox 1514 4287 1554 4340; x_wconf 76' lang='lat' dir='ltr'><strong>lo·</strong></span> <span class='ocrx_word' id='word_1_371' title='bbox 1632 4317 1638 4329; x_wconf 86' lang='lat'><strong>·</strong></span> 
     </span>
     <span class='ocr_line' id='line_1_36' title="bbox 195 4371 1627 4469; baseline 0 -42"><span class='ocrx_word' id='word_1_372' title='bbox 195 4380 285 4446; x_wconf 74' lang='grc' dir='ltr'>ηισρσῦ</span> <span class='ocrx_word' id='word_1_373' title='bbox 303 4374 354 4446; x_wconf 77' lang='grc' dir='ltr'><strong>ὁδῷ</strong></span> <span class='ocrx_word' id='word_1_374' title='bbox 372 4372 538 4449; x_wconf 67' lang='grc' dir='ltr'>(ἐπαχθῆναι)</span> <span class='ocrx_word' id='word_1_375' title='bbox 556 4374 596 4427; x_wconf 76' lang='grc' dir='ltr'><strong>ἐπὶ</strong></span> <span class='ocrx_word' id='word_1_376' title='bbox 614 4375 643 4428; x_wconf 84' lang='grc' dir='ltr'><strong>τὸ</strong></span> <span class='ocrx_word' id='word_1_377' title='bbox 655 4376 702 4446; x_wconf 80' lang='grc' dir='ltr'><strong>τὴν</strong></span> <span class='ocrx_word' id='word_1_378' title='bbox 720 4375 823 4446; x_wconf 73' lang='grc' dir='ltr'>λογικὴν</span> <span class='ocrx_word' id='word_1_379' title='bbox 837 4375 923 4447; x_wconf 70' lang='grc' dir='ltr'>ψυχὴν</span> <span class='ocrx_word' id='word_1_380' title='bbox 942 4373 1025 4427; x_wconf 68' lang='grc' dir='ltr'>οὐσίαν</span> <span class='ocrx_word' id='word_1_381' title='bbox 1044 4371 1178 4469; x_wconf 57' lang='grc' dir='ltr'>’ἀσώμαρσν</span> <span class='ocrx_word' id='word_1_382' title='bbox 1198 4375 1286 4430; x_wconf 69' lang='grc' dir='ltr'>εἰδέναι</span> <span class='ocrx_word' id='word_1_383' title='bbox 1304 4376 1347 4428; x_wconf 74' lang='grc' dir='ltr'><strong>καὶ</strong></span> <span class='ocrx_word' id='word_1_384' title='bbox 1366 4372 1495 4446; x_wconf 67' lang='grc' dir='ltr'>ἄφθαρτον</span> <span class='ocrx_word' id='word_1_385' title='bbox 1512 4375 1556 4427; x_wconf 79' lang='grc' dir='ltr'><strong>καὶ</strong></span> <span class='ocrx_word' id='word_1_386' title='bbox 1624 4444 1627 4449; x_wconf 86' lang='lat'>.</span> 
     </span>
     <span class='ocr_line' id='line_1_37' title="bbox 196 4457 1557 4538; baseline -0.001 -23"><span class='ocrx_word' id='word_1_387' title='bbox 196 4463 324 4534; x_wconf 64' lang='grc' dir='ltr'>χωριστὴν</span> <span class='ocrx_word' id='word_1_388' title='bbox 341 4467 386 4515; x_wconf 79' lang='grc' dir='ltr'><strong>τσῦ</strong></span> <span class='ocrx_word' id='word_1_389' title='bbox 405 4463 523 4532; x_wconf 78' lang='grc' dir='ltr'>σώματος</span> <span class='ocrx_word' id='word_1_390' title='bbox 540 4459 609 4538; x_wconf 72' lang='grc' dir='ltr'>ᾦπερ</span> <span class='ocrx_word' id='word_1_391' title='bbox 632 4461 662 4515; x_wconf 83' lang='grc' dir='ltr'><strong>ἃν</strong></span> <span class='ocrx_word' id='word_1_392' title='bbox 684 4470 799 4535; x_wconf 80' lang='grc' dir='ltr'>φυσικῶς</span> <span class='ocrx_word' id='word_1_393' title='bbox 826 4462 1002 4532; x_wconf 67' lang='grc' dir='ltr'>συνεζευγμένα]</span> <span class='ocrx_word' id='word_1_394' title='bbox 1026 4457 1052 4536; x_wconf 73' lang='grc' dir='ltr'><strong>η’.</strong></span> <span class='ocrx_word' id='word_1_395' title='bbox 1089 4469 1141 4516; x_wconf 85' lang='grc' dir='ltr'><strong>τῶν</strong></span> <span class='ocrx_word' id='word_1_396' title='bbox 1161 4463 1187 4516; x_wconf 79' lang='lat' dir='ltr'><strong>dl</strong></span> <span class='ocrx_word' id='word_1_397' title='bbox 1206 4464 1336 4534; x_wconf 73' lang='grc' dir='ltr'>ζητήσεων</span> <span class='ocrx_word' id='word_1_398' title='bbox 1358 4461 1417 4519; x_wconf 78' lang='grc' dir='ltr'>τοὺς</span> <span class='ocrx_word' id='word_1_399' title='bbox 1439 4460 1479 4514; x_wconf 77' lang='grc' dir='ltr'><strong>διὰ</strong></span> <span class='ocrx_word' id='word_1_400' title='bbox 1497 4461 1557 4514; x_wconf 83' lang='grc' dir='ltr'>πολ·</span> 
     </span>
     <span class='ocr_line' id='line_1_38' title="bbox 195 4546 1637 4624; baseline -0.003 -20"><span class='ocrx_word' id='word_1_401' title='bbox 195 4549 241 4621; x_wconf 77' lang='grc' dir='ltr'><strong>λῆς</strong></span> <span class='ocrx_word' id='word_1_402' title='bbox 267 4549 328 4610; x_wconf 72' lang='grc' dir='ltr'>ἴσως</span> <span class='ocrx_word' id='word_1_403' title='bbox 354 4550 435 4621; x_wconf 71' lang='grc' dir='ltr'><strong>ἀκοῆς</strong></span> <span class='ocrx_word' id='word_1_404' title='bbox 462 4552 517 4621; x_wconf 79' lang='grc' dir='ltr'>περὶ</span> <span class='ocrx_word' id='word_1_405' title='bbox 542 4555 616 4602; x_wconf 81' lang='grc' dir='ltr'>τοῦτο</span> <span class='ocrx_word' id='word_1_406' title='bbox 649 4549 810 4624; x_wconf 67' lang='lat' dir='ltr'><strong>neotericam:</strong></span> <span class='ocrx_word' id='word_1_407' title='bbox 838 4556 1050 4621; x_wconf 76' lang='grc' dir='ltr'>παρατρττουσῶν</span> <span class='ocrx_word' id='word_1_408' title='bbox 1083 4551 1132 4623; x_wconf 78' lang='grc' dir='ltr'><strong>χρὴ</strong></span> <span class='ocrx_word' id='word_1_409' title='bbox 1161 4550 1254 4621; x_wconf 64' lang='grc' dir='ltr'>μεταξὺ</span> <span class='ocrx_word' id='word_1_410' title='bbox 1286 4549 1371 4602; x_wconf 66' lang='grc' dir='ltr'>οὐσίαν</span> <span class='ocrx_word' id='word_1_411' title='bbox 1401 4547 1480 4619; x_wconf 70' lang='grc' dir='ltr'>αὐτὴν</span> <span class='ocrx_word' id='word_1_412' title='bbox 1507 4546 1552 4619; x_wconf 75' lang='grc' dir='ltr'><strong>ὑφ’</strong></span> <span class='ocrx_word' id='word_1_413' title='bbox 1631 4572 1637 4585; x_wconf 92' lang='grc'>·</span> 
     </span>
     <span class='ocr_line' id='line_1_39' title="bbox 196 4635 1450 4708; baseline -0.004 -18"><span class='ocrx_word' id='word_1_414' title='bbox 196 4639 286 4707; x_wconf 70' lang='grc' dir='ltr'>ἑαυτῆς</span> <span class='ocrx_word' id='word_1_415' title='bbox 305 4635 473 4708; x_wconf 59' lang='lat' dir='ltr'><strong>optassem</strong></span> <span class='ocrx_word' id='word_1_416' title='bbox 491 4637 606 4691; x_wconf 65' lang='grc' dir='ltr'><strong>ἐντεῦθεν</strong></span> <span class='ocrx_word' id='word_1_417' title='bbox 624 4635 751 4697; x_wconf 73' lang='grc' dir='ltr'>ἀπσσιῖξαι</span> <span class='ocrx_word' id='word_1_418' title='bbox 875 4637 909 4690; x_wconf 70' lang='lat'><strong>20</strong></span> <span class='ocrx_word' id='word_1_419' title='bbox 931 4637 1004 4690; x_wconf 73' lang='lat' dir='ltr'><strong>nuda</strong></span> <span class='ocrx_word' id='word_1_420' title='bbox 1025 4637 1066 4689; x_wconf 74' lang='lat' dir='ltr'><strong>G²</strong></span> <span class='ocrx_word' id='word_1_421' title='bbox 1079 4639 1102 4687; x_wconf 79' lang='lat' dir='ltr'><strong>in</strong></span> <span class='ocrx_word' id='word_1_422' title='bbox 1122 4656 1175 4689; x_wconf 78' lang='lat' dir='ltr'><strong>raa.</strong></span> <span class='ocrx_word' id='word_1_423' title='bbox 1194 4638 1221 4703; x_wconf 83' lang='lat' dir='ltr'><strong>(l</strong></span> <span class='ocrx_word' id='word_1_424' title='bbox 1233 4640 1293 4704; x_wconf 80' lang='lat' dir='ltr'><strong>sera</strong></span> <span class='ocrx_word' id='word_1_425' title='bbox 1311 4639 1357 4688; x_wconf 84' lang='lat' dir='ltr'><strong>titt.</strong></span> <span class='ocrx_word' id='word_1_426' title='bbox 1376 4635 1450 4702; x_wconf 78' lang='lat' dir='ltr'><strong>eras.)</strong></span> 
     </span>
    </p>

    <p class='ocr_par' dir='ltr' id='par_1_11' title="bbox 159 4723 1431 4801">
     <span class='ocr_line' id='line_1_40' title="bbox 159 4723 1431 4801; baseline -0.002 -25"><span class='ocrx_word' id='word_1_427' title='bbox 159 4788 165 4801; x_wconf 92' lang='lat'><strong>.</strong></span> <span class='ocrx_word' id='word_1_428' title='bbox 195 4724 308 4776; x_wconf 72' lang='lat' dir='ltr'><strong>laenam</strong></span> <span class='ocrx_word' id='word_1_429' title='bbox 325 4743 377 4776; x_wconf 80' lang='lat' dir='ltr'><strong>eum</strong></span> <span class='ocrx_word' id='word_1_430' title='bbox 396 4725 525 4777; x_wconf 73' lang='lat' dir='ltr'><strong>Daebnerc</strong></span> <span class='ocrx_word' id='word_1_431' title='bbox 544 4725 655 4776; x_wconf 75' lang='lat' dir='ltr'><strong>indicavi</strong></span> <span class='ocrx_word' id='word_1_432' title='bbox 777 4723 944 4793; x_wconf 78' lang='lat' dir='ltr'><strong>rationalem]</strong></span> <span class='ocrx_word' id='word_1_433' title='bbox 963 4724 1061 4778; x_wconf 79' lang='lat' dir='ltr'><strong>-nalem</strong></span> <span class='ocrx_word' id='word_1_434' title='bbox 1083 4724 1119 4776; x_wconf 73' lang='lat' dir='ltr'><strong>Gt</strong></span> <span class='ocrx_word' id='word_1_435' title='bbox 1137 4727 1163 4776; x_wconf 80' lang='lat' dir='ltr'><strong>in</strong></span> <span class='ocrx_word' id='word_1_436' title='bbox 1181 4742 1233 4776; x_wconf 81' lang='lat' dir='ltr'><strong>raa.</strong></span> <span class='ocrx_word' id='word_1_437' title='bbox 1252 4735 1322 4775; x_wconf 73' lang='lat' dir='ltr'><strong>extra</strong></span> <span class='ocrx_word' id='word_1_438' title='bbox 1339 4740 1431 4773; x_wconf 74' lang='lat' dir='ltr'><strong>cerrum</strong></span> 
     </span>
    </p>

    <p class='ocr_par' dir='ltr' id='par_1_12' title="bbox 194 4808 1554 4971">
     <span class='ocr_line' id='line_1_41' title="bbox 195 4808 1554 4880; baseline -0.004 -16"><span class='ocrx_word' id='word_1_439' title='bbox 195 4810 229 4865; x_wconf 77' lang='lat'><strong>25</strong></span> <span class='ocrx_word' id='word_1_440' title='bbox 252 4812 418 4878; x_wconf 86' lang='lat' dir='ltr'><strong>indiuiduae]</strong></span> <span class='ocrx_word' id='word_1_441' title='bbox 438 4829 481 4869; x_wconf 89' lang='lat' dir='ltr'><strong>-ae</strong></span> <span class='ocrx_word' id='word_1_442' title='bbox 501 4811 538 4865; x_wconf 66' lang='lat' dir='ltr'><strong>G²</strong></span> <span class='ocrx_word' id='word_1_443' title='bbox 555 4813 580 4862; x_wconf 82' lang='lat' dir='ltr'><strong>in</strong></span> <span class='ocrx_word' id='word_1_444' title='bbox 598 4829 652 4863; x_wconf 75' lang='lat' dir='ltr'><strong>rae.</strong></span> <span class='ocrx_word' id='word_1_445' title='bbox 766 4810 919 4880; x_wconf 83' lang='lat' dir='ltr'><strong>singularis]</strong></span> <span class='ocrx_word' id='word_1_446' title='bbox 938 4813 974 4864; x_wconf 88' lang='lat' dir='ltr'><strong>-is</strong></span> <span class='ocrx_word' id='word_1_447' title='bbox 995 4812 1030 4864; x_wconf 64' lang='grc' dir='ltr'><strong>(ν’</strong></span> <span class='ocrx_word' id='word_1_448' title='bbox 1048 4814 1074 4862; x_wconf 81' lang='lat' dir='ltr'><strong>io</strong></span> <span class='ocrx_word' id='word_1_449' title='bbox 1092 4831 1144 4861; x_wconf 76' lang='lat' dir='ltr'><strong>rao.</strong></span> <span class='ocrx_word' id='word_1_450' title='bbox 1255 4811 1370 4871; x_wconf 84' lang='lat' dir='ltr'><strong>dumsit</strong></span> <span class='ocrx_word' id='word_1_451' title='bbox 1389 4808 1446 4878; x_wconf 72' lang='lat' dir='ltr'><strong>etc]</strong></span> <span class='ocrx_word' id='word_1_452' title='bbox 1463 4827 1554 4877; x_wconf 69' lang='lat' dir='ltr'><strong>praece</strong></span> 
     </span>
     <span class='ocr_line' id='line_1_42' title="bbox 194 4882 1532 4971; baseline -0.001 -21"><span class='ocrx_word' id='word_1_453' title='bbox 194 4899 243 4960; x_wconf 75' lang='lat' dir='ltr'><strong>suit</strong></span> <span class='ocrx_word' id='word_1_454' title='bbox 259 4898 289 4951; x_wconf 85' lang='grc' dir='ltr'><strong>τὸ</strong></span> <span class='ocrx_word' id='word_1_455' title='bbox 307 4898 369 4953; x_wconf 76' lang='lat' dir='ltr'><strong>atri</strong></span> <span class='ocrx_word' id='word_1_456' title='bbox 387 4898 463 4952; x_wconf 75' lang='lat' dir='ltr'><strong>eicco</strong></span> <span class='ocrx_word' id='word_1_457' title='bbox 480 4901 524 4952; x_wconf 76' lang='grc' dir='ltr'><strong>καὶ</strong></span> <span class='ocrx_word' id='word_1_458' title='bbox 541 4899 707 4971; x_wconf 78' lang='grc' dir='ltr'>ἐστερημένην</span> <span class='ocrx_word' id='word_1_459' title='bbox 726 4897 833 4969; x_wconf 75' lang='grc' dir='ltr'>ἀριθμοῦ</span> <span class='ocrx_word' id='word_1_460' title='bbox 940 4899 971 4952; x_wconf 71' lang='lat' dir='ltr'><strong>il</strong></span> <span class='ocrx_word' id='word_1_461' title='bbox 991 4900 1149 4967; x_wconf 87' lang='lat' dir='ltr'><strong>receptiuam</strong></span> <span class='ocrx_word' id='word_1_462' title='bbox 1169 4917 1200 4949; x_wconf 76' lang='lat' dir='ltr'><strong>ex</strong></span> <span class='ocrx_word' id='word_1_463' title='bbox 1217 4899 1378 4971; x_wconf 77' lang='lat' dir='ltr'><strong>receptitium</strong></span> <span class='ocrx_word' id='word_1_464' title='bbox 1391 4882 1487 4969; x_wconf 70' lang='lat' dir='ltr'><strong>saetam</strong></span> <span class='ocrx_word' id='word_1_465' title='bbox 1508 4895 1532 4949; x_wconf 84' lang='lat' dir='ltr'><em>G</em></span> 
     </span>
    </p>
   </div>
   <div class='ocr_carea' id='block_1_6' title="bbox 0 0 1760 5610">
    <p class='ocr_par' dir='ltr' id='par_1_13' title="bbox 0 0 1760 5610">
     <span class='ocr_line' id='line_1_43' title="bbox 0 0 1760 5610; baseline 0 2"><span class='ocrx_word' id='word_1_466' title='bbox 0 0 1760 5610; x_wconf 95' lang='lat' dir='ltr'><strong> </strong></span> 
     </span>
    </p>
   </div>
  </div>
 </body>
</html>
