3524 5596
309 311 558 390 ARISTOPHANIS
577 310 761 367 HISTORIAE
780 310 972 366 ANIMALIUM
993 311 1139 366 EPITOME
1158 313 1168 365 1
1188 311 1295 365 61-63
1438 308 1475 375 17

1405 423 1418 453 ἱ

175 485 266 551 ἔοικεν
288 484 353 564 οὑν,
375 488 473 572 φησίν,
496 484 564 550 ὅσον
588 487 634 549 ἐπὶ
657 492 695 570 τῇ
719 486 854 570 αἰσθήσει
883 490 991 569 μᾶλλον
1018 485 1160 571 φέρεσθαι
1181 483 1256 569 [καί]
1286 485 1344 548 ἀπὸ
1367 487 1423 545 τῶν
1436 486 1468 545 27

180 592 243 674 περί
266 591 395 674 κεφαλὴν
418 589 528 653 τύπων·
559 590 606 653 καὶ
628 589 682 673 γάρ
699 589 725 653 οί
741 589 904 656 πλειστάκις
926 590 1166 657 συνουσιάσαντες
1188 589 1320 672 ὁρῶνται,
1343 585 1424 671 φησί,
1439 602 1464 643 ιι

179 693 292 762 κοίλους
314 691 432 778 ἔχοντες
453 693 519 762 τοὺς
546 692 727 776 ὀφθαλμούς,
755 692 852 755 καλοί
876 690 1045 776 βουλύμενοι
1067 691 1229 774 ἐπιγνῶναι,
1260 692 1286 754 εί
1307 688 1423 774 γύνιμύν
1528 683 1532 693 '

178 795 237 858 ἐστι
257 796 289 858 τδ
305 800 355 858 τοῦ
376 795 478 879 ἀνδρὸς
500 794 615 880 σπέρμα
637 796 656 878 ἢ
680 794 757 880 οὐχί,
780 794 931 879 χρίσαντες
953 793 1018 862 τοὺς
1039 793 1210 878 ὀφθαλμούς
1230 793 1426 876 ὑπαλείμματί

151 912 230 961 στινι
263 899 494 970 συνουσιάζουσι·
531 899 579 961 καὶ
612 897 662 960 ἐάν
697 898 748 980 μὲν
782 896 944 982 συγχρωθῇ
978 897 1011 958 τὸ
1045 896 1200 980 ἀποκριθὲν
1234 895 1349 979 σπέρμα
1381 898 1465 979 τῶνε

180 1001 382 1084 ὑπαλείμματι,
402 998 516 1083 γύνιμύν
539 1002 625 1079 ἐστιν,
646 1001 671 1064 εἰ
694 1002 726 1064 δὲ
749 1001 801 1084 μη’,
823 998 934 1081 ἄγονον,
956 1002 997 1068 ώς
1018 998 1066 1062 διά
1082 1005 1140 1061 τῶν
1160 999 1257 1082 πόρων
1279 1003 1336 1061 τῶν
1360 999 1424 1082 περὶ

178 1101 244 1171 τοδς
274 1102 445 1186 ὀφθαλμούς
473 1103 522 1165 καί
551 1104 609 1167 ἀπὸ
640 1107 690 1166 τοῦ
720 1103 881 1186 ἐγκεφαλυυ
910 1102 1162 1186 συνεκκρινομένου
1191 1106 1242 1164 τυύ
1273 1100 1426 1185 μέλλοντος
1495 1113 1503 1128 ⁰

177 1202 291 1288 γύνιμον
322 1206 450 1289 ποιήσειν
480 1206 513 1267 τδ
543 1204 668 1290 σπέρμα.
746 1204 817 1288 (62)
849 1204 924 1268 ἀλλὰ
958 1206 1014 1288 μὴν
1048 1201 1108 1268 οὐδ’
1134 1203 1220 1289 (ἀπ’)
1253 1202 1425 1288 ἀμφοτέρων

178 1307 309 1392 ἀρέσκει,
336 1307 412 1390 λέγω
436 1309 472 1391 δὴ
496 1312 545 1370 τοῦ
568 1309 671 1393 ἀνδρδς
692 1309 740 1371 καὶ
762 1313 814 1392 τῆς
835 1306 980 1390 γυναικός,
1008 1306 1149 1391 φέρεσθαι
1176 1308 1208 1369 τὸ
1231 1306 1354 1392 σπέρμα.
1399 1307 1425 1369 εί

136 1425 165 1472 10
177 1411 230 1495 γὰρ
257 1410 309 1474 ἀπ’
329 1410 501 1495 ἀμφοτέρων
528 1411 575 1473 καί
603 1409 679 1473 ὅλων
701 1416 759 1473 τῶν
782 1413 925 1494 σωμάτων
948 1412 967 1494 ἡ
990 1412 1081 1494 φορά,
1101 1411 1198 1495 ’ἐχρῆν
1225 1408 1276 1472 δύο
1298 1409 1426 1492 γίνεσθαι
1439 1425 1467 1466 ευ

179 1518 256 1598 ζῷα,
285 1513 369 1598 ἄρρεν
396 1515 443 1578 καὶ
472 1514 562 1596 θῆλυ·
595 1513 626 1582 ἐξ
647 1512 785 1598 ἑκατέρου
811 1513 863 1598 γάρ
891 1516 1026 1597 σώματος
1053 1514 1101 1577 καὶ
1128 1513 1161 1575 ἐκ
1189 1513 1294 1582 παντὸς
1322 1512 1425 1596 μέρους
1534 1496 1544 1509 ⁴

180 1617 272 1679 πάντα
293 1615 392 1699 ἐξίησι.
437 1616 631 1700 συμβάλλεται
653 1614 724 1692 ούν,“
746 1616 832 1700 φησί,
859 1618 892 1679 τὸ
916 1617 992 1700 θῆλυ
1015 1615 1086 1700 πρδς
1108 1615 1263 1700 ζῳογονίαν
1286 1615 1319 1678 οὑ
1343 1616 1425 1698 σπέρ-

61 1796 66 1805 ’
179 1742 267 1802 ματος
289 1718 458 1802 ποιούμενον
473 1718 586 1803 ἄφεσιν,
609 1719 773 1803 καθάπερδ
796 1719 880 1802 ἀνήρ,
903 1716 963 1780 ἀλλ’
981 1718 1050 1801 ύλην
1073 1720 1136 1780 τινά
1150 1716 1349 1803 παρεχόμενον
1372 1719 1423 1802 τὴν

176 1826 233 1884 τῶν
256 1821 439 1905 καταμηνίων
461 1823 555 1906 ποσὴν
578 1821 721 1906 ὑγρασίαν.
767 1819 826 1884 ἔστι
849 1820 881 1884 δέ
904 1822 1067 1904 καταμήνια
1089 1820 1216 1884 ἄπεπτον
1242 1822 1422 1907 περίττωμα·
1439 1837 1466 1879 ετ

139 1940 167 1985 15
180 1925 312 2009 καθάπερ
335 1924 365 1987 ἐν
380 1928 442 1993 ταῖς
457 1925 575 1994 κοιλίαις
597 1925 735 1992 ἀπέπτοις
757 1924 955 2009 ὑπαρχούσαις
972 1923 1168 1987 ἐπακολουθεῖ
1187 1926 1326 2009 διάρροια,
1349 1925 1425 1988 οὑτω

177 2030 225 2092 καὶ
251 2028 281 2091 ἐν
308 2031 370 2096 ταῖς
397 2028 484 2112 φλεψὶ
509 2032 571 2096 ταῖς
596 2027 750 2112 φερούσαις
778 2026 818 2094 είς
840 2027 892 2109 τὴν
915 2025 1035 2110 ὑστέραν
1058 2028 1077 2110 ἡ
1101 2031 1158 2088 τῶν
1181 2028 1365 2110 καταμηνίων
1387 2030 1425 2111 γί·

178 2154 255 2194 νεται
277 2127 401 2214 ἔκκρισις
423 2130 497 2193 κατὰ
519 2131 571 2212 τὴν
594 2130 733 2214 ἀπεψίαν·
767 2130 822 2193 εἰσὶ
843 2129 898 2212 γάρ
921 2130 950 2192 αί
973 2128 1089 2212 ὑστέραι
1111 2129 1221 2214 πέρατα
1243 2131 1368 2214 φλεβῶν.

261 2231 333 2315 (63)
360 2229 458 2295 Ἔστιν
481 2230 530 2295 οὑν
552 2233 586 2294 τὸ
609 2233 660 2315 μὲν
681 2237 731 2295 τοῦ
751 2231 868 2317 ἄρρενος
888 2231 1003 2315 σπέρμα
1022 2234 1054 2295 τδ
1075 2233 1161 2295 οἱονεὶ
1184 2234 1356 2317 δημιουργὸν
1379 2235 1426 2297 καὶ

179 2336 274 2420 ἀρχὴν
295 2336 436 2419 κινήσεως
457 2335 605 2416 ἐμποιοῦν,
628 2336 760 2419 καθάπερ
782 2335 830 2397 ἐπὶ
853 2341 904 2419 τῆς
927 2335 1027 2410 ποτίας
1048 2337 1161 2420 ὁρῶμεν
1181 2340 1232 2418 τῆς
1247 2336 1426 2423 συναγούσης
1439 2354 1468 2397 ευ

136 2439 209 2500 ευτδ
231 2439 319 2520 γαλα·
352 2437 445 2505 οὑτως
465 2436 518 2521 γὰρ
542 2438 589 2500 καὶ
616 2438 649 2499 τδ
678 2437 793 2520 σπέρμα
819 2439 907 2502 πεσὸν
934 2438 975 2506 είς
1001 2437 1052 2505 τάς
1079 2436 1200 2520 ὑστέρας
1227 2438 1355 2521 μίγνυται
1383 2447 1424 2527 τῷ

178 2540 379 2625 καθαρωτάτῳ
401 2545 454 2624 τῖγς
477 2539 596 2623 θηλείας
617 2541 819 2624 περιττώματι.
863 2541 897 2605 οὑ
919 2540 972 2625 γάρ
995 2545 1075 2603 πᾶσα
1098 2563 1117 2623 η
1140 2541 1277 2625 αίματικὴ
1300 2546 1353 2626 τῆς
1375 2543 1426 2627 θη-

125 2761 138 2813 l
163 2759 255 2829 έοικιν]
274 2760 354 2814 Arist.
366 2775 453 2829 gener.
465 2760 545 2811 anim.
558 2756 609 2812 B?
628 2775 654 2827 p.
667 2758 775 2812 747213
799 2758 857 2812 δτι
874 2761 920 2830 γὰρ
938 2761 994 2830 περὶ
1014 2760 1071 2819 τοὺς
1092 2758 1237 2829 ὀφθαλμοὺς
1257 2763 1332 2820 τόπος
1352 2769 1404 2816 τῶν
1425 2767 1480 2834 περὶ

122 2847 170 2918 τὴν
190 2847 303 2918 κεφαλὴν
324 2846 560 2917 σπερματικώτατύς
581 2847 645 2899 ἐστιν
659 2881 666 2895 .
681 2881 688 2895 .
702 2882 709 2896 .
721 2848 765 2900 καὶ
785 2856 836 2907 τοῖς
857 2849 995 2917 χρωμένοις
1015 2847 1122 2900 πλείοσιν
1143 2849 1290 2918 ἀφροδισίοις
1309 2850 1427 2904 ένδιδύασι
1449 2852 1480 2904 τά

123 2935 226 3004 ὄμματα
244 2941 356 3006 φανερῶς
454 2934 630 3005 ίχρίσαντες]
649 2935 734 2987 simile
752 2937 957 3003 experimentum
975 2938 1056 2989 Arist.
1074 2938 1091 2988 1.
1105 2953 1127 2989 e.
1146 2953 1171 3004 p.
1185 2936 1274 2989 74729
1339 2937 1344 2947 ’
1381 2939 1480 2992 8άλλά

123 3022 186 3093 μὴν]
206 3024 286 3076 Arist.
300 3038 386 3091 gener.
399 3024 479 3075 anim.
492 3019 515 3073 Α
529 3020 561 3072 18
579 3036 605 3090 p.
618 3021 709 3075 722b5
734 3023 763 3075 οὑ
782 3023 827 3091 γάρ
851 3021 935 3090 ὅμοιον
956 3023 985 3076 τδ
1009 3023 1081 3076 ἀπιὸν
1104 3024 1153 3076 άπὸ
1177 3028 1222 3077 τοῦ
1245 3024 1344 3097 ἄρρενος
1368 3028 1412 3078 καί
1435 3030 1480 3078 τοῦ

123 3108 222 3180 θήλεος.
256 3109 292 3162 ἔτι
315 3111 336 3162 εί
358 3110 507 3180 ἀμφοτέρων
530 3109 623 3178 ὁμοίως
645 3109 693 3162 άπὸ
717 3111 817 3161 πάντων
839 3111 986 3181 ἀπέρχεται,
1011 3110 1055 3163 δύο
1073 3112 1178 3181 γίγνεται
1197 3113 1263 3182 ζῷα·
1288 3114 1415 3183 ἑκατέρων
1433 3115 1479 3184 γάρ

124 3197 221 3251 ἅπαντα
240 3197 287 3258 ἔξει
395 3197 426 3248 12
445 3196 622 3266 συμβάλλεται]
641 3199 722 3250 Arist.
735 3213 822 3266 gener.
834 3200 913 3251 anim.
928 3196 950 3251 A
966 3198 1004 3250 19.
1018 3199 1052 3251 20
1070 3216 1095 3267 ρ.
1108 3198 1215 3252 727131
1239 3199 1276 3252 δτι
1294 3202 1339 3269 μέν
1358 3200 1400 3253 οὑν
1418 3217 1479 3269 συμ·

125 3284 241 3355 βάλλεται
262 3285 291 3339 τὸ
312 3282 378 3355 θῆλυ
399 3285 433 3343 είς
452 3285 499 3354 τὴν
520 3286 610 3354 γένεσιν
631 3285 677 3355 τὴν
698 3282 772 3355 ὕλην,
794 3289 868 3337 τοῦτο
889 3284 909 3338 δ’
925 3287 989 3338 ἐστίν
1011 3287 1037 3338 ἐν
1058 3306 1088 3357 ιη
1107 3293 1159 3340 τῶν
1177 3289 1340 3357 καταμηνίων
1358 3290 1479 3351 συστάσει,

124 3374 157 3425 τά
174 3373 201 3426 δέ
218 3371 361 3440 καταμήνια
378 3372 535 3443 περίττωμα,
555 3370 638 3442 δῆλον.
669 3371 701 3423 σί.
720 3388 746 3440 p.
760 3372 866 3424 7272‘27
1007 3374 1038 3426 14
1062 3374 1124 3442 ἐστι]
1144 3376 1224 3428 Arist.
1237 3391 1323 3444 gener.
1338 3374 1479 3428 anim.A5

123 3478 150 3530 p.
163 3460 253 3513 77422
280 3459 333 3512 ἔστι
359 3460 404 3529 γάρ
432 3459 463 3512 τά
490 3459 631 3528 καταμήνια
660 3460 757 3529 σπέρμα
784 3460 909 3525 ἄπεπτον,
941 3459 1024 3531 ώσπερ
1051 3461 1146 3532 εἴρηται
1173 3461 1298 3534 πρότερον.
1340 3462 1372 3515 τί.
1392 3479 1479 3530 gener.

124 3549 205 3601 anim.
219 3546 240 3600 A
255 3546 333 3615 20’ρ.
343 3546 449 3599 ’128126
555 3546 585 3599 15
605 3543 730 3617 καθάπερ]
749 3547 830 3600 Arist.
843 3563 930 3614 gener.
943 3550 1022 3601 anim.
1035 3546 1058 3601 Α
1071 3549 1105 3601 20
1123 3565 1148 3617 ρ.
1161 3549 1268 3603 728ι21
1289 3549 1373 3621 ὥσπερ
1393 3548 1435 3601 οὑν
1454 3550 1479 3601 ἐν

123 3641 177 3694 ταῖς
195 3634 300 3693 κοιλίαις
318 3634 357 3686 διὰ
374 3635 421 3704 τὴν
443 3635 549 3706 ἀπεψίαν
566 3634 657 3703 γίνεται
679 3633 801 3705 διάρροια,
824 3632 905 3694 οὕτως
928 3637 954 3688 ἐν
972 3642 1025 3695 ταῖς
1043 3636 1132 3707 φλεψὶν
1151 3636 1178 3688 αί
1194 3634 1218 3688 τ’
1235 3636 1308 3689 ἄλλοι
1326 3637 1478 3708 αἱμορροΐδες

124 3724 167 3775 καὶ
185 3722 211 3775 αἱ
228 3729 280 3774 τῶν
298 3720 460 3791 καταμηνίων
577 3722 607 3775 16
632 3723 658 3774 έν
676 3728 729 3781 ταῖς
747 3722 834 3792 φλεψὶ]
857 3724 889 3776 τί.
906 3725 986 3777 Arist.
1003 3741 1089 3792 gener.
1101 3726 1181 3777 anim.
1195 3722 1246 3777 114
1266 3741 1291 3792 ρ.
1305 3724 1413 3795 73818,

128 3810 158 3862 17
180 3809 238 3879 εἰσὶ]
257 3810 338 3862 Arist.
351 3824 437 3877 gener.
450 3810 530 3885 enim.
543 3806 595 3862 ΒΊ
614 3826 640 3877 p.
653 3809 761 3863 745b29
785 3811 810 3862 αἱ
828 3812 873 3881 γάρ
893 3809 991 3881 ὑστέραι
1009 3813 1104 3880 πέρατα
1123 3811 1223 3882 φλεβῶν
1241 3811 1341 3863 πολλῶν
1360 3812 1417 3864 τίσιν

127 3896 158 3949 18
178 3895 255 3965 έστιν]
274 3897 355 3949 Arist.
368 3912 455 3964 gener.
468 3898 546 3951 anim.
560 3893 583 3949 A
594 3896 628 3949 20
646 3913 672 3964 p
680 3896 771 3949 729⁸ss
789 3897 818 3951 τὸ
837 3899 882 3967 μέν
898 3899 970 3968 άρρεν
982 3902 1116 3969 παρέχεται
1128 3900 1157 3952 τύ
1169 3918 1196 3952 τε
1209 3898 1272 3957 εἶδος
1284 3899 1327 3951 καὶ
1339 3900 1385 3968 τὴν
1398 3899 1478 3968 ἀρχὴν

123 3989 168 4055 τῆς
186 3984 317 4054 κινίγσεως,
334 3983 363 4036 τδ
381 3983 407 4036 δέ
424 3982 490 4054 θῆλυ
508 3983 537 4037 τὸ
556 3990 630 4053 σῶμα
649 3985 692 4037 καί
709 3986 756 4056 τὴν
774 3983 844 4056 ὑλην,
864 3985 914 4037 οἷον
933 3986 958 4039 έν
976 3989 1010 4057 τη”
1027 3992 1072 4038 τοὺ
1087 3986 1209 4056 γάλακτος
1222 3984 1294 4056 πήξει
1307 3985 1334 4038 τὸ
1347 3987 1391 4054 μέν
1406 3993 1479 4054 σῶμα

124 4073 152 4125 τύ
173 4072 237 4142 γάλα
258 4072 336 4137 ἐστίν,
360 4070 373 4123 δ
396 4071 422 4124 δέ
440 4070 512 4135 ὀπός,
534 4071 550 4142 ἡ
572 4073 658 4138 πυτία,
681 4073 710 4126 τδ
732 4073 777 4143 τὴν
796 4073 877 4143 ἀρχὴν
895 4073 954 4144 έχον
971 4075 1017 4144 τὴν
1037 4081 1188 4127 συνιστᾶσαν.
1219 4073 1251 4126 cs.
1263 4071 1312 4125 Δί
1331 4090 1356 4141 p.
1371 4072 1479 4125 771b18

125 4157 207 4229 ώσπιρ
226 4161 307 4229 φαμέν
325 4161 427 4229 συνάγον
448 4160 491 4212 καὶ
509 4159 673 4231 δημιουργοῦν
689 4162 736 4231 τὴν
754 4158 816 4230 ὑλην
836 4161 883 4231 τὴν
905 4161 930 4214 έν
948 4165 986 4232 τῷ
1003 4160 1075 4232 θηλιι
1217 4161 1248 4212 21
1275 4161 1303 4213 οὑ
1322 4159 1379 4230 γάρ]
1399 4161 1479 4212 Arist.

124 4261 210 4314 gener.
224 4249 303 4299 anim.
316 4244 367 4300 B4
385 4247 511 4315 p.739·6
535 4246 593 4301 άταν
611 4247 630 4301 δ’
645 4248 707 4318 ἔλθη
725 4249 755 4302 τά
774 4251 870 4320 σπέρμα
889 4248 938 4301 άπδ
957 4254 1002 4301 τοῦ
1021 4249 1121 4322 ἄρρενος
1138 4256 1189 4302 τῶν
1202 4250 1299 4317 σπέρμα
1318 4249 1479 4318 προϊεμένων,

125 4333 247 4402 συνίστησι
269 4332 298 4385 τδ
320 4332 502 4405 καθαρώτατον
524 4339 569 4388 τοῦ
591 4336 790 4408 περιττώματος·
814 4335 843 4389 τὸ
865 4336 912 4406 γὰρ
934 4335 1120 4402 πλεῖστον(τοῦ
1138 4337 1335 4408 περιττώματος)
1354 4335 1479 4405 ἄχρηστον

125 4418 168 4470 καί
186 4418 212 4471 έν
229 4425 283 4478 τοῖς
301 4423 463 4493 καταμηνίοις
481 4423 546 4476 ἐστὶν
564 4421 638 4493 ὑγράν

127 4627 138 4677 1
164 4627 213 4680 άπδ
231 4633 284 4680 τῶν
302 4627 419 4696 Sauppe:
444 4631 488 4682 καὶ
505 4630 554 4683 ἀπὸ
571 4632 661 4684 τῶνΡ
771 4632 788 4684 4
812 4630 980 4702 ὑπαλείμματι
998 4635 1079 4688 Rose:
1103 4633 1147 4687 ὑπ’
1162 4634 1295 4703 ἀλείμματι
1313 4636 1346 4688 P:
1371 4636 1480 4690 sonasse

125 4713 289 4783 έπαλείμματι
421 4715 438 4769 8
462 4715 511 4770 οὑδ’
527 4716 571 4770 ἀπ’
587 4718 736 4789 ἀμφοτέρων
753 4720 852 4789 ἀρέσκει
871 4715 950 4774 Rose:
976 4721 1025 4774 οὐδ’
1040 4712 1188 4793 ἀμφοτέρων
1207 4723 1318 4793 ἀρέσκειν
1337 4725 1357 4776 Ρ

128 4802 159 4854 10
175 4800 243 4854 δλων
260 4808 313 4855 τῶν
330 4803 390 4868 (εἰσ)
407 4804 441 4856 P:
464 4802 530 4857 ὅλων
548 4806 592 4873 μέν
611 4807 717 4860 exhibet
735 4807 802 4860 Rose
911 4807 943 4859 14
963 4808 1042 4878 ποσὴν
1060 4810 1140 4863 Rose:
1164 4812 1272 4864 ποσίνΡ
1378 4813 1409 4866 15
1427 4821 1480 4873 ταῖς

125 4890 205 4942 Rose:
228 4896 280 4949 τοῖς
297 4890 317 4943 Ρ
445 4891 475 4943 19
499 4892 651 4963 κοινησεωςί
669 4894 689 4946 Ρ
813 4892 900 4955 πιτύας
917 4894 938 4949 P

177 4997 286 5049 suppa
300 4998 406 5039 mm
420 4999 528 5050 εωιορα
542 5000 599 5050 epe
1206 5017 1209 5023 ·
1260 4989 1279 5052 2
