3510 5610
367 319 619 373 ARISTOPIIANIS
638 317 822 372 HISTORIAE
843 317 1034 372 ANIMALIUM
1054 316 1201 372 ΕΙἸΤΟΜἘ
1220 313 1376 373 1153-56
1511 317 1553 384 49

247 493 364 556 ἐπειδὰν
392 495 418 557 οί
445 492 599 578 ἐλέφαντες
625 497 677 576 τῆς
703 498 794 576 νομῆς
819 492 1035 577 ἐμφορηθέντες
1062 493 1133 576 πρδς
1158 493 1245 557 ῦπνον
1269 492 1429 578 τραπέσθαι
1452 495 1499 574 ζη-

246 600 349 672 τῶσιν,
375 595 444 678 (οὐκ
469 594 517 657 ἐπὶ
543 599 596 678 γῆς
623 596 655 657 δὲ
682 594 872 664 άναπεσόντες
894 595 1048 672 ύπνοῦσιν,
1074 596 1149 658 ἀλλὰ
1171 600 1231 666 τοῖς
1251 597 1430 681 παχυτάτοις
1451 592 1499 658 καὶ

247 699 391 781 μεγίστοις
420 697 546 781 δένδρεσι
575 698 848 781 προσανακλίναντες
877 698 1012 774 ἑαυτούς,
1046 699 1123 761 ὥστε
1151 698 1217 766 τοῦς
1248 699 1299 782 μὲν
1330 699 1380 763 δύο
1410 697 1501 766 πόδας

244 799 325 882 (τοῦς
347 797 482 884 πλησίον>
503 803 554 862 τοῦ
577 800 732 885 στελέχους
753 801 825 885 πρὸς
846 801 897 883 τῆν
919 806 973 885 γῆν
996 801 1131 885 ἐλαφρῶς
1152 801 1370 886 ύπερείδεσθαι,
1393 801 1444 884 τὴν
1467 801 1500 862 δὲ

218 902 372 986 οπλευρᾶν
399 903 432 965 τδ
460 905 516 963 πᾶν
546 908 632 984 σῶμα
659 902 854 987 ἐκδεχομένην
881 903 1017 988 ὀχεῖσθαι
1045 905 1117 988 πρδς
1142 908 1179 987 τῆ
1208 903 1293 988 φύσει
1323 908 1373 966 τοῦ
1403 902 1498 979 ξύλου,

245 1006 295 1067 καὶ
324 1009 424 1067 τοῦτον
453 1005 502 1066 τδν
532 1002 635 1087 τρόπον
665 1010 717 1088 τῆς
745 1009 911 1090 καταφορᾶς
940 1007 1090 1090 τυγχάνειν
1124 1005 1178 1069 οὐκ
1207 1007 1390 1090 εἰλικρινοῦς,
1424 1004 1499 1067 ἀλλὰ
1582 1031 1587 1039 ·

245 1107 497 1191 παρεψευσμένης,
527 1107 574 1170 διὰ
600 1107 633 1170 τδ
660 1108 851 1192 προσκεῖσθαι
877 1113 936 1177 τοῖς
959 1108 1077 1194 βαθέσιν
1102 1108 1198 1177 ὕπνοις
1219 1108 1343 1191 ἀγωνίαν
1366 1107 1499 1192 ἰσχυράν,

244 1210 360 1294 φθορᾶς
382 1209 573 1293 ὑποκειμένης
589 1216 770 1296 παραχρῆμα
791 1215 835 1296 τῷ
851 1211 987 1296 σφαλέντι
1002 1212 1049 1295 διὰ
1065 1211 1117 1295 τῆν
1133 1209 1246 1274 ἔκλυσιν
1270 1212 1321 1295 τῆν
1345 1210 1498 1296 φυσικῆν)·

246 1314 274 1374 οί
303 1310 353 1375 ούν
379 1314 437 1375 ἀπδ
464 1317 517 1396 τῆς
544 1312 654 1376 τούτων
682 1315 776 1398 θῆρας
803 1314 851 1376 τδν
879 1314 938 1399 βίον
966 1314 1147 1398 ποιούμενοι,
1175 1313 1242 1382 τοῦς
1271 1312 1398 1398 δρυμούς
1424 1334 1500 1395 περι·

206 1432 233 1474 ιο
246 1418 429 1499 πλανώμενοι
456 1417 503 1478 καὶ
531 1416 583 1499 τὴν
611 1419 660 1478 τοῦ
688 1415 791 1499 θηρίου
818 1416 915 1500 κοίτην
944 1416 1205 1502 ἐπισημηνάμενοι,
1231 1416 1264 1480 ἐκ
1291 1420 1349 1480 τῶν
1379 1414 1499 1478 ὄπισθεν

247 1524 299 1583 τοῦ
328 1519 444 1602 δένδρου
471 1517 568 1581 τόπων
595 1517 739 1601 πρίζουσιν
767 1516 824 1586 ἕως
851 1517 885 1581 ἂν
912 1520 986 1603 μῆτε
1015 1518 1019 1606 Ι
1047 1520 1168 1583 κλίνοιτο
1191 1523 1247 1582 πᾶν
1271 1519 1345 1602 μήτε
1368 1518 1469 1603 ἰσχῦον
1482 1532 1554 1576 τοττι

247 1621 320 1705 ἄγαν
343 1623 390 1684 καὶ
414 1621 533 1706 ίσχορδν
557 1621 757 1696 ἀπολείποιτο,
785 1621 863 1705 μένει
886 1622 918 1684 δὲ
941 1623 1063 1708 ἑστηκδς
1090 1624 1136 1686 ἐπὶ
1160 1621 1297 1707 βραχείας
1319 1622 1421 1705 ῥοπῆς.
1465 1623 1498 1684 τδ

247 1726 280 1787 δὲ
307 1729 383 1810 ζῷον
410 1725 469 1787 άπδ
495 1729 548 1807 τῆς
572 1728 663 1806 νομῆς
689 1723 735 1785 ἐπὶ
762 1723 811 1786 τδν
838 1725 952 1808 συνήθη
975 1725 1061 1789 τόπον
1084 1732 1136 1811 τῆς
1157 1725 1255 1809 κοίτης
1277 1722 1498 1808 ἀνακλινόμενον

247 1827 385 1912 αίφνιδιόν
413 1850 444 1890 τε
472 1827 567 1889 πίπτει
594 1830 644 1889 τοῦ
671 1825 756 1895 ξύλου
787 1826 977 1903 κλασθέντος,
1005 1830 1053 1892 καὶ
1081 1829 1228 1914 πρόκειται
1257 1830 1317 1896 τοῖς
1346 1826 1500 1909 θηρευταῖς
1563 1874 1564 1878 ,

208 1946 233 1990 ιο
247 1933 361 1993 δεῖπνον
384 1930 508 2014 ἕτοιμον.
546 1930 597 1996 τὰς
617 1928 670 2012 γὰρ
693 1929 845 1998 δπισθίους
869 1929 1008 2015 κύψαντες
1023 1930 1101 1994 οῦτοι
1125 1932 1243 2015 σάρκας,
1265 1931 1313 1993 καὶ
1328 1930 1500 2013 ποιήσαντες

247 2032 362 2117 ἔξαιμον
387 2033 420 2095 τδ
448 2036 539 2117 ζῷον,
567 2031 629 2094 εἶτα
655 2031 769 2117 νεκρόν,
797 2033 869 2115 πρὸς
894 2033 946 2116 τῆν
973 2034 1077 2096 ἑαυτοῦ
1100 2033 1198 2118 χρείαν
1222 2032 1342 2102 ἕκαστος
1364 2031 1400 2094 τὰ
1424 2031 1498 2116 μέλη

248 2139 413 2220 διαιροῦσιν.

317 2240 405 2321 (54)
432 2233 496 2302 Ὅτι
520 2237 698 2321 Πτολεμαῖος
721 2238 737 2300 ό
761 2238 895 2323 βασιλεῦς
917 2239 1010 2302 πολλὰ
1034 2243 1094 2307 τοῖς
1108 2239 1350 2324 ἐλεφαντοφάχοις
1372 2235 1499 2321 ύποσχό·

250 2365 334 2424 μενος
357 2342 409 2404 ούκ
432 2339 546 2404 ἔπεισεν
569 2341 755 2426 ἀποσχέσθαι
776 2347 828 2424 τῆς
851 2343 990 2425 βρώσεως
1012 2341 1119 2404 αῦτῦν.

209 2460 236 2504 νο
336 2444 408 2527 (55)
434 2441 499 2509 Ὅτι
525 2443 642 2511 τούτους
669 2443 735 2511 τούς
763 2444 901 2527 κυνηηούς
931 2444 1109 2527 Πτολεμαῖος
1137 2446 1153 2509 ό
1182 2443 1328 2527 Αίχύπτου
1356 2441 1500 2529 βασιλεύς,

249 2547 435 2631 ἀποσχέσθαι
458 2550 509 2609 τοῦ
524 2544 614 2630 φόνου
637 2550 695 2607 τῶν
710 2545 874 2630 ἐλεφάντων
897 2551 1043 2631 παραινῶν
1065 2545 1100 2610 ίν’
1118 2545 1177 2632 ἔχη
1200 2545 1305 2615 αὐτούς
1321 2549 1431 2617 ζῶντας
1453 2547 1500 2608 καί

250 2651 344 2712 πολλὰ
369 2650 417 2712 καί
444 2647 601 2731 θαυμαστὰ
628 2648 726 2717 αὐτοῖς
754 2648 995 2733 ὑπισχνούμενος,
1022 2648 1055 2711 οὐ
1084 2648 1169 2732 μύνον
1196 2650 1249 2713 οῦκ
1275 2647 1402 2724 ἔπεισεν,
1432 2646 1495 2710 ἀλλ’

250 2754 318 2816 ούδὲ
342 2751 375 2815 ἂν
398 2753 450 2835 τῆν
473 2751 543 2834 όλην
567 2750 747 2820 ἀλλάξασθαι
768 2751 912 2836 βασιλείαν
939 2753 1011 2836 πρὸς
1033 2753 1081 2814 τὸν
1103 2752 1255 2838 ἐφεστῶτα
1277 2753 1337 2838 βίον
1360 2749 1498 2814 είπόντων

250 2855 397 2939 ἀπόκρισιν
420 2854 554 2938 ἤκουσεν.

212 2972 238 3016 25
333 2957 405 3040 (56)
432 2952 496 3019 Ὅτι
522 2961 580 3019 τῶν
603 2962 733 3041 κυνηγῶν
760 2956 883 3032 τούτων,
909 2955 959 3025 οῦς
980 2957 1007 3019 οἱ
1034 2959 1156 3041 νομάδες
1178 2956 1380 3041 Ἀκαθάρτους
1401 2959 1499 3019 καλεῖν

249 3060 371 3123 εἰώθασι
386 3060 430 3122 ’τδ
459 3059 511 3141 μέν
538 3059 610 3142 πρὸς
632 3060 755 3144 ἑσπέραν
777 3059 958 3142 ἀπόσπασμα
981 3058 1132 3123 Αίθιόπων
1154 3060 1287 3144 νέμονται
1309 3058 1358 3128 οῦς
1380 3062 1500 3121 καλοῦσι

249 3162 365 3244 Σιμούς,
387 3162 424 3224 τὰ
445 3162 478 3224 δὲ
500 3162 571 3244 πρδς
594 3162 773 3246 μεσημβρίαν
797 3162 831 3225 οὐ
849 3162 923 3246 μέγα
942 3160 1025 3232 ἔθνος
1041 3164 1068 3225 οἱ
1083 3163 1255 3247 καλούμενοι
1270 3162 1498 3246 Στρουθοφάχοι,
1591 3172 1594 3177 ’

248 3266 275 3328 οἳ
297 3264 403 3332 ταύτας
424 3263 514 3348 τέχνη
537 3265 584 3325 καὶ
608 3264 686 3348 δόλιρ
708 3265 756 3327 καί
780 3265 916 3348 βοπάλοις
938 3266 1122 3350 θηρεύοντες,
1146 3266 1179 3329 ἐκ
1201 3265 1310 3328 τούτων
1333 3266 1437 3349 βιοῦσι,
1460 3284 1499 3326 σι-

248 3367 381 3451 τούμενοι
408 3367 459 3450 μὲν
487 3366 537 3435 τὰς
564 3367 686 3449 σάρκας,
714 3367 824 3430 ἐνδόσει
850 3368 882 3430 δὲ
908 3369 956 3431 καὶ
983 3372 1120 3452 στρωμνῇ
1148 3373 1208 3437 τοῖς
1232 3367 1328 3432 αὐτῶν
1352 3370 1498 3452 χρώμενοι

212 3472 380 3554 θιδέρμασι.
418 3469 629 3552 πολεμούμενοι
650 3471 682 3533 δὲ
706 3470 761 3534 ύπδ
784 3476 841 3533 τῶν
857 3469 956 3553 Σιμῶν
979 3471 1068 3547 οῦτοὶ,
1091 3477 1150 3540 τοῖς
1172 3475 1230 3535 τῶν
1249 3471 1360 3556 δρύχων
1384 3469 1498 3554 κέρασιν

248 3573 348 3640 ύπλοις
374 3577 517 3655 χρῶνται,
546 3573 680 3654 μεγάλοις
705 3574 754 3636 καὶ
781 3578 929 3657 τμητικοῖς
956 3571 1034 3637 ούσι·
1068 3573 1166 3658 τρέφει
1193 3575 1226 3638 δὲ
1253 3575 1273 3658 ῆ
1301 3577 1387 3659 χώρα
1414 3574 1499 3633 πολυ-

243 3675 363 3761 ’πληθὲς
385 3675 418 3736 τδ
442 3677 518 3759 ζῷον
541 3678 636 3736 τοῦτο.
889 3687 892 3695 ’

202 3900 230 3952 18
252 3899 301 3968 δτι]
321 3899 391 3951 unde
410 3895 491 3951 haec?
615 3895 650 3949 20
674 3895 711 3949 ότι
729 3895 843 3965 τούτους]
866 3898 962 3966 Agath.
980 3899 1049 3966 apud
1067 3899 1144 3952 Phot.
1163 3898 1232 3952 Bibl.
1250 3914 1275 3966 p.
1284 3897 1475 3957 ‚453·16-21

199 3987 230 4041 25
254 3987 303 4056 δτι]
327 3987 421 4055 Agath.
439 3986 510 4055 apud
528 3985 603 4038 Phot.
622 3984 691 4038 Bibl.
710 4000 736 4052 p.
748 3983 944 4038 453222-31.
972 3986 1210 4040 cf.1)i0d.11128.v
1229 3986 1313 4039 Strab.
1325 3985 1389 4039 xvi
1408 4002 1433 4054 p.
1447 3984 1498 4036 772

110 4196 113 4201 '
200 4196 248 4247 λθ
268 4196 376 4264 ζητῶσιν
395 4195 482 4246 phot:
507 4193 660 4264 ζητούσινΙ)
768 4191 1038 4263 3προσανακλίνοντες
1057 4193 1132 4245 Phot.
1230 4193 1323 4252 4τοδς
1341 4191 1444 4262 πλησίον
1463 4192 1553 4245 addidi

196 4297 228 4334 ex
246 4284 321 4335 Phot.
410 4280 541 4351 στελέχους
557 4282 645 4356 θόοις
668 4280 828 4349 στιλέχούί)
922 4281 1029 4350 5πρδς]
1047 4281 1156 4334 fortasse
1174 4299 1228 4338 πως
1325 4282 1353 4332 ll
1374 4282 1498 4353 πρίζουσιν
1517 4282 1551 4333 D:

196 4372 305 4443 πρίουσιν
324 4371 399 4423 Phot.
517 4369 624 4422 κλίνοιτο
643 4369 678 4421 D:
703 4367 774 4438 κλίνη
793 4367 822 4419 τὸ
840 4367 914 4419 Ρθοι.
1035 4367 1065 4420 12
1088 4369 1131 4421 καὶ
1150 4367 1250 4438 ἰσχυρὸν
1268 4368 1289 4420 Ι)
1309 4369 1396 4421 Ρίιοι.;
1422 4370 1553 4436 expunxit

196 4458 295 4511 Bekker
383 4456 539 4510 ἀπολείποιτο
555 4458 642 4509 Phot.:
661 4456 840 4508 ἀπολίποιτοί)
930 4457 1030 4524 μένειΙ)
1047 4460 1073 4509 εί
1086 4456 1173 4507 Pion:
1193 4456 1255 4524 μένη
1272 4455 1346 4507 Phot.
1364 4455 1454 4508 ood.B
1470 4459 1496 4508 et
1512 4456 1552 4509 ed.

199 4544 229 4597 13
251 4546 327 4597 τύπον
345 4548 391 4614 τῆς
409 4545 495 4614 κοίτης
514 4545 607 4612 scripsi
625 4547 681 4613 (τῆς
699 4545 785 4613 κοίτης
803 4543 881 4596 τόπον
900 4545 998 4607 Phot.):
1022 4544 1099 4596 τύπον
1117 4548 1162 4613 τῆς
1180 4547 1260 4613 νομῆς
1277 4543 1299 4595 Ι)
1410 4544 1440 4595 14
1462 4542 1552 4613 θηρευ-

195 4640 247 4689 ταῐς
265 4633 300 4684 D:
326 4630 449 4702 θηράσασι
467 4633 542 4686 Phot.
675 4631 706 4684 15
730 4630 843 4703 ὀπισθίας
861 4637 963 4700 praeter
980 4633 1071 4685 cod.B
1090 4632 1165 4684 Phot.
1298 4629 1329 4682 16
1355 4631 1444 4683 ἑαυτοῦ
1464 4629 1552 4682 θόοις

196 4719 307 4772 αύτούί)
399 4720 430 4772 21
451 4719 498 4790 έχη
514 4719 534 4770 ί)
553 4724 579 4770 et
598 4719 672 4770 codd.
685 4720 772 4771 Phoi:
792 4719 847 4789 ἔχοι
865 4719 905 4772 ed.
918 4720 994 4772 Phot.
1082 4717 1243 4776 αύτδςΡθυί.
1327 4718 1361 4771 23
1380 4718 1517 4772 ούδῬίιοῑ.

196 4808 325 4875 ἐφεστῶτα
344 4808 365 4859 l)
384 4807 470 4858 θύραι
491 4805 615 4858 ἐνεστῶτα
634 4811 700 4859 recte
719 4807 759 4858 ed.
773 4807 848 4860 Phot.
938 4806 971 4858 ‘26
990 4807 1104 4874 νέμονται
1123 4807 1157 4858 D:
1176 4807 1276 4875 νέμεται
1294 4807 1370 4859 Phot.
1459 4806 1492 4858 27
1512 4804 1552 4858 Σι-

197 4894 257 4963 μούς
274 4897 297 4948 Ι)
316 4896 391 4948 Phot.
411 4893 500 4945 Diod.:
525 4890 626 4951 Σίλλους
645 4893 759 4962 appellat
778 4894 870 4948 Strabo
977 4892 1011 4945 29
1035 4893 1061 4946 δέ
1079 4893 1166 4946 Phot.:
1192 4893 1219 4946 ti
1237 4894 1259 4946 D

251 5003 359 5054 supplem.
372 5002 478 5042 εοατι
494 5001 602 5050 κυιιορυ.
615 4999 673 5050 lipia
1328 4983 1351 5050 4
