3510 5610
199 292 240 359 92
359 294 610 349 ARISTOPHANIS
630 295 812 349 HISTORIAE
830 294 1024 349 ANIMALIUM
1041 295 1189 350 Er‘lrosrs
1209 298 1232 350 ίί
1250 294 1398 351 :ss—259

254 469 364 530 τοῦτον.
409 467 504 551 ἐκείνη
531 469 550 550 ή
578 470 717 551 πάρδαλις
744 474 853 553 τροφής
879 467 1003 551 δεομένη
1030 468 1136 552 ἑαυτὴν
1163 468 1337 552 ἀποκρύπτει
1359 468 1378 552 ἡ
1400 466 1503 553 λδχμη

254 570 349 652 πολλή
378 570 397 653 ἢ
424 572 548 654 φυλλάδι
577 570 696 655 βαθείογ,
725 572 773 633 καὶ
800 571 930 656 ἐντυχεῖν
952 571 1030 634 ἐστιν
1052 571 1180 655 ἀφανής,
1210 569 1297 654 μόνον
1318 571 1352 635 δὲ
1372 572 1503 635 ἀναπνεῖ.

254 669 358 735 οδκοδν
387 674 413 735 οἱ
442 674 536 758 νεβροὶ
564 674 611 736 καὶ
639 674 776 757 δορκάδες
803 675 851 736 καί
878 673 956 756 αἶγες
982 674 1011 737 αἱ
1041 672 1135 756 ἄγριαι
1164 674 1211 735 καὶ
1238 674 1272 735 τά
1300 678 1418 737 τοιαῦτα
1444 678 1503 737 τῶν

256 770 358 857 ζῴων,
385 778 425 844 ῶς
448 774 503 837 ὑπδ
526 798 600 843 τινος
622 773 717 858 ἴυγγος
739 781 791 859 τῆς
812 774 934 844 εὐωδίας
955 776 1081 854 ἐλκεται,
1109 777 1158 838 καὶ
1185 776 1305 859 πλησίον
1331 776 1448 859 γίνεται·
1482 778 1502 860 ή

232 876 291 938 5δέ
314 875 427 962 ἐκπηδᾷ
449 879 497 941 καὶ
519 875 583 961 ἔχει
605 879 637 940 τδ
661 878 790 961 θήραμα.

336 978 431 1062 (258)
463 978 509 1043 T&
530 979 622 1061 άλογα
644 981 691 1043 καὶ
714 987 771 1043 τῶν
794 980 931 1064 συνήθων
955 981 1033 1065 σφίσι
1055 981 1215 1063 γενομένων
1238 982 1403 1067 ἀπέχεσθαι
1426 982 1506 1065 φιλεῖ

254 1082 301 1143 καὶ
324 1082 474 1165 φείδεσθαι
496 1084 643 1151 πολλάκις.
690 1083 788 1145 ἀκούω
811 1087 877 1164 γοῦν
900 1084 949 1145 τὀν
970 1082 1054 1165 λάγον
1077 1084 1194 1146 ἐκεῖνον.
1239 1086 1376 1167 πάρδαλιν
1399 1082 1433 1147 ἐκ
1455 1106 1502 1167 νη-

253 1183 320 1245 πίου
342 1184 473 1267 θηρατὴς
495 1184 568 1268 ἀνὴρ
592 1186 748 1269 ήμερώσας
769 1185 858 1269 εἶχεν,
882 1186 929 1249 οἷα
952 1187 1046 1269 δήπου
1070 1184 1155 1269 φιλην
1175 1186 1193 1268 ἢ
1210 1185 1359 1271 ἐρωμένην
1382 1187 1503 1268 ἀγαπῶν

253 1286 301 1347 καί
324 1286 468 1369 περιέπων
491 1287 628 1371 ἰσχυρῶς.
674 1288 778 1350 οὐκοῦν
800 1286 896 1372 ἔριφον
919 1287 994 1371 αὐτῇ
1018 1288 1114 1372 φέρων
1138 1293 1232 1360 ζῶντα
1254 1288 1367 1363 ἐδίδου,
1392 1290 1503 1373 τροφὴν

217 1402 241 1446 rc
255 1387 286 1448 ἐν
305 1388 402 1473 ταδτιγδ
426 1390 474 1451 καὶ
497 1390 605 1473 ήδονήν
621 1413 682 1453 τινα
703 1391 859 1474 ἐπινοήσας
880 1395 923 1475 τηδ
948 1390 1042 1474 θηρίῳ
1065 1392 1095 1453 ἐν
1110 1396 1152 1474 τῷ
1176 1392 1299 1453 διασπᾶν
1321 1391 1370 1453 τδν
1392 1388 1502 1474 ἔριφον,

253 1490 327 1553 ἀλλά
355 1493 396 1575 μὴ
423 1493 517 1554 δοκεῖν
544 1492 650 1554 ἐσθίειν
677 1492 822 1577 κενέβριδν
845 1517 870 1555 τι
897 1494 944 1556 καὶ
970 1494 1140 1576 θνησείδιον.
1185 1494 1232 1555 καὶ
1255 1494 1291 1575 δὴ
1314 1492 1504 1576 κομισθέντος

252 1593 367 1677 ἐρίφου,
397 1596 415 1678 ή
444 1594 470 1658 δ’
496 1595 642 1679 ἐγκρατῶς
670 1592 759 1679 ἔσχε,
788 1594 911 1679 δεομένη
943 1594 1077 1664 ἀπόσιτος
1106 1594 1178 1657 εἶναι
1208 1594 1255 1656 διά
1284 1598 1465 1679 πλησμονήν.
1496 1592 1500 1677 i

253 1693 356 1780 ἔδρασε
371 1698 403 1759 δὲ
426 1699 528 1782 καίτή
552 1697 671 1783 δευτέρη
692 1702 790 1760 τοῦτο·
818 1697 911 1760 ἐδεῖτο
933 1696 987 1780 γὰρ
1003 1695 1045 1759 ἔτι
1067 1700 1108 1765 ὡς
1129 1700 1282 1780 φαρμάκου
1299 1701 1350 1759 τοδ
1372 1700 1469 1781 λιμοδ.
1482 1712 1557 1759 rm

252 1804 305 1882 τῆς
327 1801 359 1862 δὲ
382 1801 477 1885 τρίτης
498 1801 655 1885 ἐπιστάσης
677 1801 788 1886 ήμέρας
809 1800 907 1883 ἐπείνη
925 1800 976 1881 μὲν
999 1800 1047 1862 καὶ
1062 1801 1198 1882 συνήθως
1213 1800 1393 1863 ἐπεδείκνυτο
1416 1805 1501 1864 τοῦτο

213 1917 239 1961 ιο
253 1908 295 1987 τιγδ
317 1902 477 1987 φθέγματι,
504 1903 538 1968 οὐ
566 1906 623 1988 μήν
650 1908 700 1966 τοῦ
727 1903 828 1988 ἐρίφου
851 1902 1004 1985 γενομένου
1033 1902 1084 1965 δύο
1106 1904 1223 1985 ἡμερῶν
1247 1903 1338 1985 ἑαυτῇ
1362 1903 1502 1985 φιλτάτου

253 2002 295 2067 ἔτι
317 2008 498 2090 προσήψατο,
526 2006 600 2069 ἀλλά
622 2008 729 2069 ἐκεῖνον
753 2006 804 2088 μὲν
828 2004 936 2080 εἴασεν,
959 2004 1064 2074 ἄλλους
1086 2005 1119 2068 δέ
1141 2002 1253 2088 ἐλαβεν.
1297 2002 1448 2088 ἅνθρωποι
1469 2004 1504 2068 δέ

252 2108 300 2170 καὶ
328 2109 472 2193 ἀδελφοὺς
499 2107 660 2192 προῦδοσαν
687 2110 735 2172 καὶ
762 2108 829 2177 τοδς
854 2107 1037 2191 γειναμένους
1067 2108 1115 2170 καὶ
1141 2106 1242 2191 φιλους
1268 2107 1424 2191 ἀρχαίους,
1452 2107 1502 2171 καὶ

253 2211 354 2273 πολλοὶ
376 2212 524 2280 πολλάκις.

334 2313 428 2397 (259)
466 2313 550 2398 Θήρα
580 2314 612 2377 δὲ
642 2315 812 2397 παρδάλεων
843 2312 1018 2396 δίαυρουσία
1047 2310 1092 2396 εἴη
1124 2312 1168 2375 ἀν.
1218 2314 1267 2375 καὶ
1298 2310 1374 2375 ἐστιν
1404 2312 1503 2383 αὐτοῖς

209 2430 237 2475 ου
250 2416 400 2500 οἰκοδομία
422 2416 513 2479 λίθων
529 2415 776 2501 περιπεποιημένη
799 2417 848 2479 καὶ
863 2413 940 2479 ἔοικε
963 2415 1090 2497 ζωαγρίορ
1111 2414 1179 2476 τινί·
1207 2412 1346 2477 καὶέστιν
1370 2414 1386 2477 ὁ
1409 2413 1500 2499 λάχος

251 2518 301 2582 ὅδε
323 2520 339 2582 ὁ
362 2525 490 2602 πρῶτος·
523 2518 594 2602 ὅγε
618 2521 673 2602 μὴν
696 2519 842 2603 δεύτερος,
871 2516 1011 2600 ἐνδοτέρω
1035 2521 1145 2599 σαπροῦ
1169 2518 1261 2600 κρέως
1283 2518 1330 2580 καὶ
1353 2517 1499 2585 δδωδάτος

253 2627 353 2706 μοῖραν
377 2622 519 2706 μηρίνθου
534 2623 610 2690 τινὸς
625 2622 803 2707 μακροτέρας
826 2621 978 2706 ἐξαρτῶσι·
1007 2619 1097 2702 θύραν
1120 2620 1152 2681 δέ
1168 2619 1200 2681 ἐκ
1217 2620 1333 2703 ριπίδων
1351 2620 1400 2682 καί
1415 2643 1500 2682 τινων

252 2725 390 2807 καλάμων
407 2725 508 2808 ἀραιὰν
524 2723 695 2807 ἐπέστησαν,
719 2726 767 2788 καὶ
784 2724 878 2809 μέντοι
901 2724 949 2786 καὶ
971 2720 1007 2785 δι’
1025 2721 1120 2785 αὐτῶν
1140 2722 1283 2785 ἐκπνεῖται
1298 2724 1316 2805 ή
1333 2727 1384 2785 τοδ
1407 2722 1501 2807 κρέως

251 2831 301 2889 τοῦ
325 2827 533 2911 προειρημένου
557 2827 634 2910 ὀσμὴ
658 2827 841 2911 διαρρέουσα.
885 2825 1035 2889 αἰσθονται
1061 2825 1093 2888 δέ
1115 2825 1142 2887 οἱ
1166 2825 1268 2909 θῆρες·
1303 2825 1350 2888 καί
1372 2825 1428 2909 γὰρ
1449 2824 1499 2887 ἐπὶ

253 3032 302 3094 ἐάν
317 3055 349 3094 τε
371 3032 400 3094 ἐν
424 3032 531 3115 ἀγρίοις
553 3037 613 3100 τοῖς
635 3030 729 3116 ὄρεσιν
752 3031 802 3093 ἐάν
817 3054 849 3093 τε
870 3031 900 3093 ἐν
916 3032 1048 3115 φάραγγι,
1071 3030 1118 3091 καὶ
1142 3028 1238 3112 μέντοι
1262 3029 1357 3092 καὶέν
1380 3028 1499 3092 αὐλῶνι.

251 3134 313 3197 εἶτα
339 3134 508 3219 ἀνεφλέχθη
536 3135 584 3197 καί
611 3135 629 3219 ή
656 3138 694 3217 τῇ
722 3134 803 3216 ὀσμή
830 3133 1005 3217 ἐντυχοῦσα,
1032 3132 1080 3194 καὶ
1108 3132 1163 3194 ὑπὸ
1186 3136 1238 3213 τής
1261 3130 1332 3212 ἀγαν
1355 3131 1449 3215 ὁρμῆς
1469 3131 1501 3201 ἐς

250 3237 302 3320 τὴν
327 3238 423 3300 θοίναν
446 3238 497 3320 τήν
520 3236 604 3321 φιλην
627 3233 707 3320 η’ίττει
728 3235 887 3320 φερομένη·
917 3234 1030 3297 ἕλκεται
1052 3235 1084 3297 δέ
1107 3232 1155 3296 ὑπ’
1177 3234 1267 3318 αὐτῆς
1289 3238 1329 3304 ῶς
1353 3233 1409 3297 ὑπό
1425 3257 1501 3303 πνος

198 3494 213 3543 6
232 3494 264 3546 τὰ
282 3491 371 3561 άλογα]
391 3493 447 3546 rici.
459 3498 514 3545 nat.
527 3494 605 3544 anim.
617 3492 679 3545 vri
698 3495 734 3559 (p.
747 3490 922 3557 issu-28
941 3491 1043 3555 iicrclr.)
1155 3490 1185 3542 λθ
1204 3490 1282 3559 θήρα]
1303 3491 1360 3543 Aci.
1379 3491 1506 3545 1.chss
1522 3492 1555 3544 10

197 3585 233 3649 (p.
247 3580 343 3646 323‚⁴21
353 3580 474 3646 -324‚8
492 3581 594 3643 llerch.)

215 3728 597 3738 ——-——-—-—---

202 3821 212 3872 l
239 3821 321 3890 ἐκείνη
340 3821 357 3891 ή
379 3819 496 3889 πάρδαλις
514 3820 535 3871 D
555 3819 615 3871 libri
634 3818 703 3871 rici:
732 3819 867 3871 delendum
891 3824 931 3872 cst
953 3819 969 3887 ή
992 3817 1117 3887 πάρδαλις.
1153 3819 1228 3871 aliter
1247 3818 1359 3870 iicrchcr
1380 3820 1554 3872 συνεπίσταται

198 3913 272 3960 τοῦτο
289 3908 380 3978 ἐκείνη,
398 3909 441 3960 καί
459 3906 585 3959 ἀλίσκτταί
603 3908 626 3958 οἱ
638 3906 680 3959 τὸν
697 3908 788 3977 τρόπον
806 3911 893 3958 τοῦτον
999 3906 1015 3956 θ
1036 3904 1126 3974 φυλάδι
1143 3906 1164 3957 D
1270 3905 1286 3956 3
1308 3904 1424 3973 δορκάδες
1442 3906 1463 3957 Ι)
1481 3907 1552 3960 rici:

196 3994 221 4046 αί
240 3995 356 4064 δορκάδες
376 3996 487 4048 Hcrcher
608 3998 651 4046 καὶ
669 3997 739 4057 (anie
757 3994 832 4061 αίγες)
851 3994 885 4045 D:
909 3996 951 4044 καὶ
968 3993 993 4043 αί
1013 3993 1081 4045 Aci:
1101 3995 1144 4045 καί
1161 3994 1184 4045 οἱ
1203 3993 1315 4045 llercher
1431 3994 1454 4045 oi
1472 3994 1555 4063 ἄγριοι

197 4084 308 4136 ίίειυίιοι·
447 4083 464 4134 4
489 4083 579 4151 γίνεται
597 4080 700 4151 πλησίον
718 4082 774 4134 λεί.
916 4080 931 4131 δ
956 4082 999 4131 καὶ
1018 4081 1039 4132 D
1058 4082 1128 4134 Aci:
1153 4081 1233 4134 deleri
1251 4081 1333 4133 voluit
1351 4082 1464 4135 llcrcher

199 4172 231 4223 10
253 4172 279 4223 ἐν
296 4170 382 4240 ταδτηῑ
400 4172 492 4239 scripsi
511 4187 544 4222 cx
563 4170 631 4222 Aci:
657 4170 682 4221 ἐν
699 4167 809 4237 αὐτῷθ
929 4168 958 4217 ll
984 4167 1110 4237 κενέβριίν
1127 4186 1151 4220 τι
1170 4169 1275 4236 scripsi:
1300 4169 1343 4219 καὶ
1360 4168 1455 4239 νέβριίν
1472 4188 1497 4221 τι
1515 4170 1551 4223 D:

195 4258 321 4327 κενίβριόν
339 4276 366 4310 τι
384 4258 454 4310 Aci:
472 4256 609 4326 κινέβρειίν
627 4275 653 4308 τι
671 4256 784 4308 Hsrcher
883 4254 913 4305 12
932 4258 977 4305 τοῦ
995 4254 1079 4323 ἐρίφου
1095 4256 1207 4308 ilerchcr
1303 4256 1319 4324 ἡ
1338 4254 1358 4308 δ’
1373 4256 1409 4309 D:
1428 4256 1465 4326 ἧδ’
1482 4258 1552 4311 rei:

196 4345 212 4414 ἡ
231 4344 259 4398 δὲ
276 4345 389 4397 Hercher
497 4342 528 4395 13
550 4343 576 4395 δὲ
595 4344 687 4413 κοίτη
706 4342 808 4410 δευτέρα
826 4342 929 4393 iteravit
948 4341 968 4393 D
1083 4341 1114 4395 15
1137 4342 1255 4412 φιλτάτου
1274 4344 1308 4395 D:
1332 4342 1405 4412 φίλου
1423 4344 1480 4398 λεί.

199 4432 229 4484 16
253 4433 346 4485 ἐκεῖνον
365 4432 433 4484 Aer:
456 4432 575 4483 ἐκεῖνοί)
682 4429 772 4487 ἀλλους
791 4430 825 4480 D:
848 4428 923 4480 ἀλλον
944 4430 998 4481 λεί.
1104 4432 1138 4483 ’ἐθ
1161 4431 1369 4503 περιπεποιημένη
1388 4432 1423 4484 D:
1448 4449 1552 4501 πεποιη·

196 4520 258 4588 μένη
275 4519 333 4572 Aci.
432 4517 540 4588 ζωαγρίηι
558 4518 579 4569 l)
597 4518 667 4571 Aci:
687 4517 795 4586 ζωγρείῳ
813 4516 954 4569 Schneider
1048 4518 1099 4569 ἔστι
1118 4520 1163 4585 μὲν
1182 4517 1195 4570 δ
1214 4519 1268 4571 Αεί.
1376 4517 1406 4569 21
1429 4518 1552 4591 ἐνδοτέρω

196 4607 265 4659 Aer:
289 4606 315 4658 ἐν
334 4605 480 4676 δευτέρῳθ
591 4606 624 4657 ’.λθ
648 4607 734 4677 μοίραν
753 4604 872 4672 μυρίνθου
891 4605 912 4655 D
1028 4605 1144 4673 θύρανί)
1259 4607 1288 4658 ἐκ
1307 4604 1409 4678 ριπίδων
1426 4606 1497 4659 ,δεδι
1520 4606 1552 4659 ἐκ

196 4692 363 4762 κρηπίδωνί)
470 4694 503 4745 24
525 4691 680 4745 αἰσθάνονται
697 4692 838 4745 Schneider
945 4692 991 4760 γὰρ
1010 4692 1049 4743 ἐπὶ
1066 4692 1101 4743 D:
1120 4694 1165 4761 γάρ
1184 4712 1238 4750 πως
1258 4694 1312 4744 λεί.
1422 4692 1456 4745 25
1474 4692 1552 4753 αἰντάς

196 4782 309 4833 Herc-her
402 4778 485 4842 ίίίκ>
503 4786 554 4830 τῶν
574 4780 645 4831 ιιιιιίίί
666 4780 776 4830 iicrchcr
873 4781 906 4829 θίὶ
925 4780 1015 4847 ἀγρίοις
1032 4780 1053 4830 D
1073 4779 1141 4831 rici:
1160 4781 1244 4847 ἄκροις
1263 4780 1356 4832 {reis-lm
1454 4780 1488 4831 97
1507 4784 1551 4833 καί

197 4869 213 4938 λγ
232 4869 337 4935 scripsi:
359 4869 401 4919 καὶ
420 4865 436 4936 ή
455 4868 488 4918 D:
512 4882 562 4919 οω.
577 4868 631 4919 Ιίοί.
738 4865 771 4917 2’8
790 4866 874 4917 θοίναν
891 4867 912 4918 D
933 4866 966 4917 ci.
981 4867 1075 4918 Moeris
1092 4883 1116 4934 ρ.
1130 4868 1227 4933 risis
1241 4866 1332 4919 liciis:
1352 4868 1437 4936 θοίνην
1454 4869 1511 4923 Δεί.
