3510 5610
194 283 236 348 55
737 276 1007 334 rnuomnrnror

249 453 332 517 enim
355 453 437 538 quod
460 452 656 536 compellitur
676 474 774 537 usquc
796 451 836 517 ad
858 449 1013 536 quoddam
1028 449 1182 534 compelli,
1205 449 1316 515 deinde
1331 452 1447 516 reuerti
1462 457 1495 516 et
1513 464 1564 523 511

248 557 431 620 transmitti:
455 556 589 620 calidum
612 577 734 641 quoque
756 555 999 637 uniuscuiusque
1019 553 1202 617 animalium
1217 554 1256 617 ad
1270 555 1412 639 superius
1427 577 1500 621 con·
1513 573 1542 615 εο

180 672 183 677 ’
248 660 351 722 sueuit
377 659 489 739 leuari,
524 667 555 723 ct
580 659 624 723 ibi
651 658 835 723 cumulatim
868 663 1012 742 grauatae
1044 656 1191 721 materias
1223 658 1263 721 ab
1293 657 1360 742 ipso
1387 659 1503 723 accidit

249 761 364 825 iterum
386 762 501 825 reuerti
524 768 554 825 ct
576 762 719 825 deorsum
741 761 812 825 ferri
835 766 867 824 et
889 759 1066 844 refrigerare
1089 759 1225 824 calidum
1246 762 1330 846 quod
1352 762 1434 826 circa
1448 783 1521 851 cor¹

222 872 304 930 sest.
349 864 405 928 tali
438 872 543 929 autem
576 863 806 946 refrigeratione
839 864 922 926 iacta
954 884 1081 927 somnus
1113 861 1281 927 inducitur.
1301 864 1502 957 tumiditatis

248 969 333 1032 onim
360 988 490 1051 uapores
517 987 613 1051 usque
640 965 679 1028 ad
705 966 863 1049 superiora
891 965 1058 1049 implentes
1079 965 1160 1029 circa
1182 968 1341 1032 cerebrum
1363 968 1396 1031 in
1419 969 1503 1052 quod

250 1071 463 1149 cumulantur,
497 1068 579 1153 quod
605 1074 652 1132 est
677 1066 910 1150 frigidissimum
937 1067 1078 1132 omnium
1103 1089 1183 1151 quae
1209 1077 1283 1134 sunt
1308 1071 1342 1134 in
1364 1091 1503 1156 corpore,

249 1179 420 1257 aggrauant
441 1179 535 1256 caput
557 1178 589 1236 et
609 1170 772 1255 palpebras
795 1176 827 1233 θῖ
848 1170 981 1234 dormire
1002 1169 1130 1234 iaciunt.
1175 1170 1340 1237 cum'uoro
1355 1173 1504 1237 fluxerint
1540 1160 1552 1196 ‘¹

250 1277 393 1340 deorsum
417 1282 449 1339 et
470 1274 646 1338 reuersione
668 1272 745 1336 illud
769 1273 903 1337 calidum
925 1272 959 1336 in
981 1273 1084 1356 ipsum
1106 1294 1157 1337 cor
1179 1276 1400 1360 compulerint,
1427 1284 1504 1340 tunc
1517 1293 1545 1335 ω

210 1396 235 1439 ιο
248 1377 464 1443 habundantia
486 1375 610 1439 umidae
632 1396 720 1440 escae
742 1375 902 1459 refrigerat
924 1375 1058 1439 calidum
1081 1377 1164 1460 quod
1179 1377 1259 1440 circa
1274 1398 1326 1442 cor
1341 1387 1397 1457 est,
1419 1378 1503 1443 sicut

250 1480 443 1565 superposita
463 1479 564 1542 multa
585 1478 670 1562 ligna
691 1478 756 1562 igni
777 1478 956 1560 refrigerare
978 1478 1106 1559 iaciunt,
1129 1486 1160 1544 et
1175 1488 1250 1543 tunc
1265 1479 1398 1545 dormire
1413 1503 1504 1566 prae·

250 1590 348 1668 parat.
394 1582 526 1646 officitur
547 1580 631 1644 enim
652 1566 779 1644 somnus
802 1580 981 1664 corpulento
1003 1581 1166 1646 subleuato
1186 1583 1319 1647 acalore
1334 1604 1389 1667 per
1404 1606 1502 1649 uenas

252 1686 291 1750 ad
314 1691 420 1770 caput3
444 1690 476 1748 ot
498 1684 573 1747 dum
594 1688 758 1766 superatur
779 1704 818 1747 ex
840 1682 1054 1747 habundantia
1074 1690 1248 1767 grauatum,
1270 1688 1384 1751 iterum
1402 1688 1502 1772 repel-

250 1790 326 1853 litur
353 1794 384 1851 et
410 1788 552 1851 deorsum
579 1784 702 1849 fluendo
729 1786 877 1868 gregatim
902 1786 1053 1850 infirmari
1085 1787 1160 1851 facit
1191 1791 1365 1854 naturalem
1399 1790 1501 1854 cordis

109 1915 111 1920 ·
211 1909 237 1953 ιο
250 1894 393 1957 calorem.
438 1888 608 1973 digestione
623 1895 729 1951 autem
744 1889 825 1952 facta
840 1896 872 1952 et
886 1909 1016 1953 somnus.
1027 1890 1230 1973 conquiescit:
1252 1892 1400 1975 quamdiu
1417 1894 1501 1957 enim

250 1996 432 2060 indiscretus
455 1999 502 2057 cst
522 1989 646 2072 sanguis
667 1997 736 2073 post
759 2011 866 2054 aescae
895 1990 1104 2070 affectionem,
1137 2012 1262 2057 somnus
1288 1995 1335 2073 fin
1369 1995 1501 2061 discreto
1515 2013 1545 2055 ιο

252 2118 325 2162 uero
348 2096 496 2178 sanguine
520 2102 552 2159 et
573 2092 696 2177 puriore
718 2092 938 2177 adsuporiora
958 2093 1121 2175 collocato,
1149 2095 1373 2162 turbulentiore
1395 2105 1502 2164 autem

248 2198 389 2285 partibus
422 2218 501 2281 quao
533 2203 607 2260 sunt
641 2195 784 2260 deorsum
812 2194 981 2275 insidente,
1012 2197 1143 2280 resurgit
1175 2198 1291 2262 animal
1323 2222 1361 2264 ex
1394 2222 1502 2266 aescae

155 2285 159 2293 ’
250 2302 403 2386 grauitate
426 2298 612 2363 absolutum.
658 2298 780 2362 causalo
802 2288 872 2381 ergo
895 2297 1065 2362 dormiendi
1089 2307 1135 2363 est
1156 2322 1174 2364 a
1196 2303 1375 2385 corpulento
1398 2304 1502 2368 suble-

209 2422 237 2466 ao
250 2411 324 2468 uato
347 2425 366 2468 a
389 2402 585 2467 connaturali
608 2401 708 2465 calido
731 2422 874 2486 pressura
895 2401 1054 2465 cumulata
1075 2402 1115 2465 ad
1137 2403 1272 2487 primum
1295 2413 1327 2469 et
1341 2407 1501 2492 proprium

252 2509 450 2590 αισθητηριον.
493 2524 619 2567 somnus
641 2503 725 2567 enim
747 2504 840 2588 primi
861 2503 1028 2587 αισθητηριί
1048 2504 1184 2569 deiectus
1199 2507 1238 2570 ad
1253 2528 1317 2571 non
1332 2509 1503 2574 ualondum

251 2610 422 2675 secundum
444 2607 601 2692 propriam
615 2606 806 2670 caliditatem
821 2605 951 2691 operari,
975 2626 1013 2669 ex
1027 2608 1210 2672 necessitate
1226 2609 1350 2693 quidem
1371 2612 1502 2677 animali

251 2715 349 2778 sactus
381 2731 436 2796 pro
469 2710 583 2773 salute:
618 2708 721 2772 saluat
754 2708 837 2772 enim
869 2707 1000 2792 requies.
1044 2709 1099 2773 sed
1124 2710 1206 2774 sicut
1231 2713 1502 2797 superintroducta
1515 2734 1546 2776 οο

201 2974 212 3025 l
232 2973 341 3024 Aristot.
360 2967 481 3022 456b20:
509 2964 643 3033 ἀναγκαῖον
661 2965 706 3034 γὰρ
729 2965 757 3018 τὸ
775 2963 984 3033 ἀναθυμιώμενον
1002 2966 1076 3039 μέχρι
1096 2985 1140 3020 του
1164 2965 1296 3034 ὠθεῖσθαι,
1318 2970 1365 3022 εἶτ’
1386 2974 1559 3046 ἀναστρέφειν

197 3061 240 3114 καὶ
263 3055 427 3126 μεταβάλλειν
449 3052 563 3124 καθάπερ
587 3051 694 3124 εὕριπον.
730 3053 759 3105 τδ
782 3052 808 3105 δέ
831 3051 922 3122 θερμὸν
945 3054 1053 3106 ἑκάστου
1076 3060 1128 3106 τῶν
1150 3056 1224 3125 ζῴων
1247 3056 1307 3126 πρὸς
1329 3058 1358 3110 τδ
1380 3059 1434 3112 α’νω
1458 3063 1558 3132 πέφυκε

197 3144 327 3219 φέρεσθαι·
347 3143 406 3196 ὅταν
424 3142 450 3195 δέ
468 3142 494 3194 ἐν
512 3148 563 3200 τοῖς
581 3141 634 3193 ἅνω
652 3139 737 3198 τόποις
755 3141 863 3210 γένηται,
882 3139 973 3212 ἀθρόον
991 3139 1063 3192 πάλιν
1082 3142 1234 3214 ἀντιστρέφει
1253 3145 1296 3197 καὶ
1314 3148 1483 3218 καταφέρεται

197 3237 213 3287 6
234 3230 379 3299 cerebrum]
399 3231 436 3283 ld.
455 3229 579 3282 457b29:
597 3230 699 3281 πάντων
718 3227 741 3279 δ’
762 3228 813 3279 ἐστὶ
830 3235 882 3279 τῶν
901 3227 928 3279 έν
945 3235 983 3298 τῷ
1003 3228 1101 3296 σώματι
1119 3228 1276 3301 ψυχρότατον
1295 3230 1308 3283 δ
1326 3233 1472 3304 ἐγκέφαλος.

198 3323 214 3375 8
243 3317 400 3389 aggraudnt]
425 3316 604 3370 1114561>32ε
632 3316 793 3369 ἀδυνατοῦσιν
817 3314 893 3387 αἴρειν
914 3316 961 3385 τὴν
979 3315 1092 3385 κεφαλὴν
1115 3318 1158 3368 καὶ
1180 3318 1210 3370 τά
1230 3318 1341 3391 βλέφαρα
1370 3350 1402 3358 -
1429 3324 1558 3378 451io233

199 3407 298 3478 βαρῦνει
321 3406 364 3458 καὶ
387 3411 452 3457 ποιεῖ
473 3404 597 3464 νυστάζειν
722 3404 755 3456 10
782 3403 958 3455 111.451δ11;
985 3401 1021 3455 ἔτι
1043 3402 1070 3456 δὲ
1092 3403 1186 3474 πολλῆς
1205 3406 1375 3479 ἐμπιπτούσης
1392 3414 1501 3480 τροφῆς,
1524 3412 1558 3482 ἢν

198 3495 281 3563 ἀνάγει
299 3493 328 3546 τὸ
348 3490 452 3561 θερμόν,
476 3490 560 3563 ὥσπερ
578 3491 607 3543 τὸ
625 3495 674 3563 πῦρ
693 3488 870 3558 ἐπιτιθεμένων
892 3496 944 3542 τῶν
963 3488 1057 3556 βώλων,
1079 3491 1254 3565 καταψῦχεται
1272 3493 1320 3552 ἕως
1344 3495 1374 3548 άν
1394 3497 1558 3573 καταπεφθη.

197 3582 288 3652 γίνεται
306 3581 351 3649 γάρ
370 3579 383 3632 δ
402 3577 486 3644 ὕπνος,
506 3577 590 3647 ώσπερ
609 3578 715 3650 εἴρηται,
739 3583 783 3629 τοῦ
802 3577 972 3646 σωματώδους
989 3578 1174 3650 ἀναφερομένου
1197 3579 1245 3633 ὕπὸ
1268 3586 1313 3633 τοῦ
1331 3581 1425 3654 θερμοῦ
1444 3584 1484 3637 διά
1501 3593 1558 3638 τῶν

197 3668 298 3738 φλεβῶν
317 3667 378 3738 πρὸς
395 3667 443 3736 τὴν
462 3666 582 3737 κεφαλήν.
617 3664 677 3719 όταν
694 3665 720 3718 δὲ
740 3666 831 3735 μηκέτι
850 3664 961 3734 δῦυηται,
980 3664 1043 3717 ἀλλὰ
1060 3669 1099 3735 τῷ
1118 3664 1209 3737 πλήθει
1227 3666 1370 3740 δπερβάλλη
1389 3671 1418 3723 τὸ
1436 3672 1558 3742 ἀναχθέν,

197 3755 272 3809 πάλιν
290 3754 475 3808 ἀνταπωθεῖται
497 3755 541 3807 καὶ
559 3755 630 3807 κάτω
650 3754 687 3827 ῥεῖ
810 3754 842 3806 14
869 3753 907 3804 ld.
926 3753 1048 3805 4571216:
1076 3752 1105 3805 τὸ
1124 3755 1190 3806 κατὰ
1212 3754 1284 3823 φῦσιν
1301 3754 1394 3830 θερμὸν
1417 3766 1483 3811 ποιεῖ
1500 3758 1559 3820 ἐξα-

198 3840 309 3894 δυνατεῖν
332 3843 375 3895 καὶ
399 3842 541 3914 ὑποχωρεῖν
668 3841 698 3895 16
724 3844 762 3896 ld.
781 3840 901 3894 458221:
925 3838 1008 3893 διὰδὲ
1029 3840 1059 3893 τδ
1082 3839 1191 3909 γίνεσθαι
1213 3841 1420 3915 άδιακριτώττρον
1442 3846 1472 3897 τὸ
1493 3847 1557 3916 οἶμα

198 3930 261 3996 μετὰ
283 3930 329 3998 την
352 3935 398 4000 τῆς
419 3935 515 4001 τροφῆς
536 3930 677 4000 προσφορὰν
695 3928 709 3982 δ
728 3927 803 3987 ὕπνος
821 3930 925 3998 γίνεται,
947 3927 995 3985 ἕως
1019 3926 1049 3979 ἂν
1072 3926 1190 4000 διακριθῇ
1212 3934 1257 3982 τοῦ
1276 3930 1381 3999 αἵματος
1398 3931 1427 3984 τδ
1445 3933 1491 3999 μέν
1511 3954 1559 3987 κα-

198 4013 342 4088 θαρώτερον
366 4018 400 4075 ε1ς
422 4019 453 4070 τὰ
476 4018 542 4081 ἄνω,
567 4016 596 4069 τὸ
619 4015 646 4069 δὲ
664 4013 834 4088 θολερώτερον
858 4016 892 4074 εἰς
914 4016 946 4067 τά
964 4017 1044 4067 κάτω.
1082 4014 1141 4068 ὕταν
1159 4015 1185 4069 δέ
1207 4021 1281 4070 τοῦτο
1301 4019 1398 4090 συμβῇ,
1421 4019 1559 4092 ἐγείρονται

197 4102 355 4157 ἀπολυθέντα
373 4108 418 4156 τοῦ
437 4105 466 4156 ἐκ
489 4109 536 4175 τῆς
559 4107 655 4175 τροφῆς
673 4104 772 4175 βάρους.
808 4103 833 4156 τέ
850 4102 896 4172 μέν
920 4101 963 4154 οὕν
987 4103 1016 4155 τὸ
1034 4102 1113 4156 αἴτιον
1135 4108 1180 4156 τοῦ
1199 4103 1331 4157 καθεύδειν
1349 4106 1457 4177 εἴρηται,
1483 4107 1559 4181 dtur}

198 4189 246 4243 ὕπὸ
265 4194 310 4243 τοῦ
329 4191 500 4260 σωματώδους
518 4196 563 4244 τοῦ
582 4192 769 4263 ἀναφερομένου
792 4189 841 4243 ὕπὸ
859 4193 905 4242 τοῦ
924 4189 1054 4260 συμφῦτου
1072 4189 1167 4260 θερμοῦ
1186 4192 1379 4264 ἀντιπερίστασις
1397 4192 1498 4263 ἀθρόως
1516 4197 1559 4249 ἐπὶ

197 4277 226 4330 τδ
245 4285 346 4348 πρῶτον
364 4277 537 4349 αἰσθητήριον·
565 4280 609 4331 καὶ
626 4278 651 4331 τέ
669 4279 734 4330 ἐστιν
756 4276 770 4330 δ
789 4276 876 4342 ὕπνος,
899 4275 937 4330 ὕτι
955 4282 1000 4329 τοῦ
1023 4276 1125 4347 πρώτου
1144 4276 1306 4349 αἰσθητηρίου
1330 4281 1472 4353 κατάληψις
1493 4283 1557 4355 πρὸς

197 4364 226 4417 τδ
246 4367 281 4434 μὴ
301 4365 419 4418 δῦνασθαι
438 4367 553 4438 ἐνεργεῖν,
575 4364 600 4426 ἐξ
618 4366 729 4435 ἀνάγκης
748 4365 792 4432 μέν
811 4366 938 4436 γινόμενος
961 4363 1001 4432 (οὕ
1019 4367 1065 4435 γάρ
1084 4365 1211 4439 ἐνδέχεται
1229 4368 1295 4435 ζῷον
1314 4367 1375 4420 εἶναι
1394 4370 1430 4440 μὴ
1449 4371 1556 4441 συμβαι-

198 4453 294 4505 νόντων
312 4460 364 4506 τῶν
383 4454 590 4526 ἀπεργαζομένων
608 4452 689 4520 αὕτό),
709 4453 783 4505 ἕνεκα
800 4452 827 4506 δὲ
847 4452 984 4524 σωτηρίας·
1004 4452 1077 4514 σώζει
1095 4454 1141 4525 γάρ
1159 4455 1176 4524 η
1195 4455 1330 4512 ἀνάπαυσις

198 4693 214 4745 3
242 4694 279 4746 ibi
301 4692 555 4758 021‘nras.(5liu.
575 4693 654 4760 εκαε.)
766 4696 798 4748 10
824 4711 898 4748 esoce
919 4694 967 4746 G¹:
986 4710 1076 4748 aescae
1098 4694 1134 4746 θ’
1247 4696 1277 4748 12
1303 4699 1372 4750 enim
1391 4698 1452 4749 αάά.
1473 4717 1555 4768 sopra

197 4799 294 4831 versum
315 4779 338 4831 G
446 4782 476 4833 11
495 4781 569 4846 facit]
587 4782 684 4848 recepit
702 4781 767 4834 facit
788 4781 821 4833 G¹
922 4781 957 4834 ‘20
974 4798 1097 4849 praesuta
1118 4782 1140 4834 G
1242 4784 1273 4836 21
1295 4777 1554 4833 ΑΙΌΘΗΤΗΡΙΟΝ

201 4865 237 4918 G²
255 4870 280 4918 ιἰι
298 4885 350 4918 ras.
456 4861 665 4914 AlceHTHPtl
688 4868 746 4936 (sic)
767 4869 803 4921 0π
821 4871 845 4920 ia
863 4888 913 4921 rus.
