3510 5610
190 266 235 330 40
367 260 617 317 ARISTOI‘IIANIS
635 257 819 314 HISTORIAE
837 256 1028 313 ANIMALIUII
1046 258 1194 313 ΕΡΙΤΟΜΕ
1212 259 1237 313 Π
1255 258 1368 312 21-26

243 436 367 511 κοιλίαν,
397 434 473 517 λέγω
504 434 540 518 δὴ
570 433 622 516 τὴν
649 432 679 496 ἐν
708 436 766 503 τοῖς
793 431 908 509 δεξιοῖς,
938 434 1134 518 προσήρτηται
1160 433 1180 516 ἡ
1210 433 1322 517 μεγάλη
1351 431 1492 516 λεγομένη

243 538 337 624 φλέψ,
365 538 439 602 κατὰ
465 537 498 600 δὲ
525 536 576 619 τήν
600 534 692 619 μέσην
714 534 804 620 αὐτῆς
825 535 933 599 κοιλίαν
957 537 1153 621 προσήρτηται
1174 536 1194 618 ἡ
1216 535 1379 621 καλουμένη
1401 535 1492 620 ἄορι-ἠ

243 640 330 726 φλέψ.
431 639 502 722 (22)
530 638 651 723 φέρουσι
677 638 710 701 δὲ
735 639 782 702 καί
809 638 851 708 εἰς
877 638 925 701 τδν
951 637 1096 721 πνεύμονα
1122 636 1206 722 πύροι
1231 639 1330 702 λεπτοί
1356 637 1415 702 ἀπὸ
1440 642 1493 722 τῆς

244 744 375 827 καρδίας,
403 743 451 806 καὶ
474 741 621 826 σχίζονται
643 739 716 803 κατὰ
738 742 831 804 πάντα
856 740 904 804 τὀν
931 741 1090 824 πνεύμονα,
1117 741 1218 810 οίτινες
1243 745 1281 824 τῇ
1309 741 1425 825 καρδίᾳ,
1453 744 1494 810 ὡς

218 852 393 930 οπροεῐπον,
418 842 576 908 διαδιδύοισι
596 844 630 906 τὸ
653 846 775 926 πνεῦμα.
812 840 876 928 ἔχει
899 843 931 906 δὲ
953 843 983 906 ἐν
1005 845 1115 927 ἑκάστη
1129 833 1232 928 ’κοιλία
1253 845 1273 927 ἡ
1296 845 1399 928 καρδία
1419 844 1493 928 αἷμα

246 947 320 1011 πολὺ
343 949 392 1011 καὶ
414 946 504 1032 παχύ,
527 943 700 1008 λεπτότατον
722 945 755 1008 δέ
777 944 838 1008 ἐστι
860 946 892 1008 τδ
916 945 945 1009 ἐν
967 951 1004 1029 τῇ
1028 945 1115 1030 μέση.

331 1051 402 1135 (23)
428 1047 465 1114 Ὁ
488 1049 521 1112 δὲ
542 1048 676 1132 πνεύμων
698 1049 894 1132 προσήρτηται
917 1048 969 1132 μὲν
991 1055 1028 1132 τῇ
1053 1050 1147 1134 μάχει,
1169 1049 1243 1112 νεύει
1265 1049 1297 1112 δὲ
1319 1052 1429 1133 μᾶλλον
1451 1050 1494 1118 είς

245 1152 282 1216 τὰ
308 1152 458 1238 ἀριστερά,
486 1150 585 1234 δμοιος
611 1150 643 1214 δέ
669 1150 730 1215 ἐστι
756 1149 830 1214 κατὰ
857 1152 889 1214 τδ
917 1151 1055 1235 κύρτωμα
1077 1152 1175 1237 βοείῳ.
1221 1149 1287 1215 οὔτε
1314 1153 1493 1238 πολυσχιδής

245 1255 320 1319 ἐστιν
343 1254 409 1318 οὔτε
430 1258 516 1330 λεῖος,
539 1252 615 1316 ἀλλά
636 1252 745 1321 πολλὰς
766 1254 932 1336 ἀνωμαλίας
947 1253 978 1317 ἐν
993 1255 1090 1340 ἑαυτῷ
1113 1251 1191 1339 ἔχων
1212 1259 1328 1318 κινεῖται
1351 1259 1492 1340 συνεχῶς.

206 1365 288 1442 ιοπή
314 1357 440 1443 μὲνγὰρ
462 1358 611 1433 διίσταται,
633 1379 675 1438 πη
699 1356 731 1418 δὲ
753 1355 950 1433 συστέλλεται,
974 1356 1041 1420 ὅθεν
1064 1357 1112 1419 καὶ
1135 1356 1344 1442 ἀθεράπευτος·
1378 1362 1415 1441 τῇ
1438 1357 1493 1442 γάρ

246 1461 406 1545 πυκνοτέρᾳ
427 1461 538 1543 κινήσει
558 1457 670 1522 ἐναντία
692 1462 772 1521 πᾶσα
794 1457 934 1542 θεραπεία
955 1457 1003 1522 ἐπ’
1024 1459 1122 1522 αὐτοῦ.
1220 1459 1291 1544 (24)
1319 1458 1383 1546 ἔχει
1408 1460 1440 1524 δὲ
1462 1460 1492 1522 ἐν

246 1565 343 1648 ἑαυτῷ
374 1563 447 1644 αίμα
476 1562 619 1624 πλεῖστον.
670 1562 696 1623 υί
726 1561 758 1623 δὲ
786 1562 948 1644 νομίζοντες
975 1561 1061 1625 αὐτὸν
1093 1561 1164 1625 εἶναι
1193 1563 1275 1626 κενὸν
1305 1565 1493 1648 διηπάτηνται

247 1666 425 1751 θεωροῦντες
447 1663 514 1732 τοὺς
535 1662 754 1747 ἐξαιρουμένους
781 1663 814 1726 ἐκ
841 1668 898 1727 τῶν
926 1665 1036 1750 ἱερείων
1063 1665 1162 1733 κενούς
1189 1665 1325 1750 αἵματος,
1351 1665 1386 1729 ού
1412 1667 1494 1748 γινώ-

251 1789 366 1836 σκοντες
387 1763 444 1851 (δ’)
466 1764 510 1829 ὅτι
533 1765 588 1829 ύπδ
604 1766 655 1849 τὴν
671 1767 784 1851 σφαγήν
800 1767 955 1851 ἐκκρίνεται
970 1767 1000 1837 ἐξ
1015 1766 1110 1831 αὐτῶν
1126 1769 1159 1831 τδ
1181 1768 1263 1852 αἷμα.
1344 1767 1415 1851 (25)
1438 1768 1495 1831 ύπδ

208 1886 233 1931 15
246 1872 279 1935 δὲ
300 1872 349 1933 τδν
373 1868 377 1953 I
401 1867 548 1951 πνεύμονά
569 1870 630 1933 ἐστι
651 1871 683 1932 τδ
706 1870 853 1953 διάζωμα·
889 1872 916 1933 οἱ
940 1871 971 1933 δὲ
994 1872 1173 1955 διάφραγμα,
1200 1870 1282 1934 ἄλλοι
1305 1871 1337 1935 δὲ
1359 1870 1465 1956 φρένας
1476 1885 1551 1932 σοντι

250 1971 522 2059 προσαγορεύουσιν·
557 1972 633 2055 ύμίην
660 1974 814 2056 νευρώδης.
859 1973 906 2034 καὶ
933 1973 1003 2055 πρὸς
1030 1973 1081 2055 μὲν
1108 1972 1159 2041 τάς
1185 1972 1309 2058 πλευράς
1330 1973 1496 2058 ἀμφοτέρας

249 2078 297 2140 καὶ
319 2077 352 2138 τδ
375 2073 564 2159 ὑποχόνδριον
586 2074 634 2136 καὶ
656 2075 709 2157 τὴν
731 2075 815 2160 ῥάχιν
838 2073 1050 2159 συνηρτημένος
1073 2075 1163 2149 ἐστίν,
1191 2075 1221 2138 ἐν
1249 2074 1331 2159 με’σῳ
1358 2076 1391 2138 δὲ
1416 2074 1495 2161 ἔχων

249 2179 348 2242 λεπτά.
426 2177 499 2260 (26)
525 2177 581 2239 ύπδ
603 2176 635 2239 δὲ
657 2180 741 2239 τοῦτο
764 2177 794 2239 ἐν
816 2182 875 2246 τοῖς
897 2176 998 2246 δεξιοῖς
1020 2181 1112 2240 κεῖται
1133 2178 1166 2240 τδ
1189 2177 1278 2262 ήπαρ,
1301 2182 1343 2262 τῷ
1366 2180 1497 2263 σχήματι

249 2280 419 2366 στρογγύλον
451 2282 558 2363 μᾶλλον
588 2280 637 2342 καί
665 2278 699 2342 ού
730 2277 923 2364 μακρύλοβον,
954 2281 986 2342 τδ
1016 2280 1048 2342 δὲ
1078 2279 1242 2365 ποσάλοβύν
1269 2280 1345 2343 ἐστιν
1375 2279 1428 2343 ούκ
1454 2278 1496 2344 ἔτι

208 2386 362 2470 νυεῖρηκεν
390 2384 405 2446 ύ
428 2381 640 2466 Ἀριστοτέλης.
684 2383 733 2445 καὶ
759 2381 807 2444 ἐπὶ
834 2382 885 2466 μὲν
913 2385 1029 2445 πολλῶν
1051 2403 1137 2467 φησιν
1164 2382 1218 2445 ούκ
1240 2380 1309 2468 ἔχον
1332 2381 1378 2466 ἐφ’
1400 2383 1496 2468 ἑαυτῷ

248 2489 340 2575 χολήν
367 2486 559 2569 τεθεώρηται,
587 2484 661 2546 ἀλλά
688 2484 766 2568 παρὰ
793 2489 834 2568 τῷ
863 2484 983 2569 ἐντέρῳ·
1017 2484 1065 2548 ἐπὶ
1092 2486 1124 2547 δὲ
1151 2486 1255 2568 ἀλέγων
1281 2490 1365 2549 τοῦτο
1391 2485 1495 2548 ὦπται.

249 2594 283 2657 ἐκ
305 2592 337 2655 δὲ
358 2592 416 2651 τῶν
439 2587 596 2669 εὐωνύμων
620 2587 713 2670 σπλήν
737 2586 835 2670 μέλας,
857 2587 971 2662 λεπτός,
993 2586 1099 2663 ἀνισος,
1125 2588 1242 2658 πλατύς.
1512 2588 1518 2597 ’

195 2753 542 2765 -—-—---—-..——-—
549 2754 576 2759 -
586 2754 594 2759 .

196 2846 212 2899 5
235 2845 298 2917 ἔχει]
317 2846 397 2897 Arist.
409 2845 470 2897 hist„
484 2844 563 2896 anim.
577 2841 599 2897 A
612 2844 643 2896 17
661 2865 686 2912 p.
697 2844 789 2896 496129
813 2846 839 2897 ἐν
857 2844 950 2915 έκάστη
972 2846 1017 2915 γάρ
1037 2845 1089 2914 ἔχει
1107 2843 1179 2913 αἶμαζ
1189 2849 1241 2895 τῶν
1262 2843 1377 2907 κοιλιῶν,
1399 2842 1551 2896 λεπτότατον

194 2932 214 2987 δ’
230 2934 281 2986 ἐστὶ
299 2932 328 2985 τὸ
347 2933 373 2985 έν
391 2935 424 3002 τη
442 2932 506 3001 μέση
631 2931 647 2983 8
671 2929 727 2984 ούτε
745 2930 908 3003 πολυσχιδής]
926 2933 1006 2985 Arist.
1022 2934 1039 2986 l.
1053 2950 1075 2985 c.
1088 2930 1110 2984 A
1123 2932 1153 2985 16
1172 2948 1197 3000 p.
1211 2930 1296 2982 495b1
1324 2930 1376 2983 ἔστι
1394 2929 1413 2983 δ’
1429 2930 1458 2982 ού
1476 2929 1551 2983 πολυ-

195 3021 282 3092 σχιδὴς
294 3020 308 3074 δ
320 3024 365 3073 πού
383 3017 526 3089 ἀνθρώπου,
543 3017 626 3088 ὥσπερ
645 3018 717 3071 ἐνίων
735 3019 878 3088 ζῳοτόκων,
895 3020 951 3073 ούδὲ
969 3020 1041 3084 λεῖος,
1060 3019 1112 3072 ἀλλ’
1124 3020 1176 3087 ἔχει
1194 3016 1338 3086 ἀνωμαλίαν
1437 3019 1466 3071 11
1487 3018 1551 3089 ἔχει]

195 3111 276 3162 Arist.
292 3108 310 3159 I.
322 3124 345 3159 υ.
358 3105 380 3159 Α
392 3106 422 3158 17
441 3122 467 3173 p.
479 3105 587 3158 496235
611 3105 672 3174 αίμα
695 3106 721 3159 δέ
744 3105 857 3159 πλεῖστον
879 3108 924 3176 μὲν
946 3107 959 3160 δ
978 3106 1095 3175 πλεύμων
1114 3107 1165 3177 ἔχει
1183 3112 1236 3158 τῶν
1254 3106 1348 3164 ἐντοῖς
1367 3107 1439 3176 ζῴοις
1457 3107 1552 3176 μορίων

197 3193 309 3247 ...ἀλλ’
325 3194 348 3246 οἱ
366 3194 505 3261 νομίζοντες
523 3192 583 3245 εἶναι
601 3193 672 3245 κενὸν
690 3193 866 3264 διηπάτηνται,
887 3192 1040 3264 θεωροῦντες
1060 3195 1117 3253 τοὺς
1138 3192 1304 3264 έζηρημένους
1323 3193 1353 3245 ἐκ
1373 3200 1426 3246 τῶν
1447 3194 1552 3264 διαιρου-

198 3283 280 3351 μένων
298 3288 350 3334 τῶν
368 3281 450 3351 ζῳων,
469 3280 505 3333 ὧν
523 3279 617 3339 ιύθέως
637 3279 768 3350 ἐξελήλυθε
786 3282 815 3334 τὸ
834 3281 895 3351 αίμα
914 3279 1005 3351 ἀθρόον
1136 3281 1223 3336 14.15
1244 3280 1292 3334 ὐπὸ
1310 3281 1336 3333 δέ
1353 3280 1396 3333 τὸν
1413 3281 1552 3352 πνεύμονα]

196 3371 277 3423 Arist.
295 3371 312 3421 l.
325 3386 346 3421 υ.
365 3385 391 3436 p.
404 3369 514 3422 496¹›10
536 3367 583 3420 ίνπδ
602 3368 628 3421 δὲ
645 3368 687 3420 τὸν
705 3367 828 3437 πνεύμονά
849 3369 899 3421 ἐστι
917 3368 945 3421 τὸ
964 3369 1076 3438 διάζωμα
1097 3369 1126 3422 τὸ
1144 3373 1189 3421 τοῦ
1207 3366 1338 3438 θώρακος,
1358 3369 1383 3421 αἱ
1401 3369 1553 3439 καλούμεναι

197 3458 295 3527 φρένες,
318 3455 380 3526 πρὸς
405 3457 450 3524 μὲν
474 3457 505 3508 τά
528 3455 621 3526 πλευρὰ
645 3457 689 3508 καὶ
712 3456 743 3507 τά
768 3455 916 3526 ίνποχάνδρια
938 3459 982 3510 καὶ
1003 3458 1049 3527 τὴν
1075 3456 1145 3527 ῥάχιν
1170 3457 1364 3526 συνηρτημέναι,
1387 3457 1413 3508 έν
1437 3459 1506 3528 μέσῳ
1530 3457 1550 3511 δ’

198 3545 251 3615 έχει
268 3544 300 3596 τὰ
318 3543 396 3596 λεπτὰ
414 3544 458 3596 καὶ
476 3542 591 3613 ὐμενιύδη
729 3542 760 3595 15
783 3543 936 3614 διάφραγμα]
959 3543 991 3596 cf.
1011 3544 1102 3597 Galen.
1115 3543 1173 3597 VIII
1187 3544 1235 3596 611
1249 3545 1282 3596 Κ.
1300 3542 1329 3596 τὸ
1346 3545 1392 3612 μὲν
1410 3544 1553 3616 διάφραγμα

197 3630 390 3703 παραφροσύνην
416 3631 577 3700 ἑτοιμοτάτην
601 3631 683 3699 φέρει,
710 3629 792 3699 διόπερ
815 3632 859 3682 καὶ
886 3630 1110 3702 προσαγορεύεσθαί
1132 3646 1206 3700 φασιν
1229 3630 1290 3684 αύτδ
1314 3632 1404 3701 φρένας
1428 3630 1476 3684 ύπδ
1500 3639 1553 3685 τῶν

198 3721 298 3791 ίατρῶν.
329 3717 506 3771 cIXX199.
533 3717 619 3770 Schol.
632 3718 684 3769 AD
703 3718 736 3770 ad
753 3717 829 3770 Iliad.
842 3715 864 3770 A
879 3718 930 3771 579
954 3720 1045 3789 φρένας
1067 3717 1081 3770 δ
1104 3718 1209 3789 ποιητὴς
1231 3720 1274 3771 καὶ
1297 3720 1386 3776 πάντες
1409 3719 1432 3771 οί
1453 3719 1554 3774 παλαιοὶ

198 3807 303 3860 ἐκάλουν
320 3805 350 3858 τὸ
368 3805 517 3875 διάφραγμα.
546 3805 625 3857 Arist.
638 3807 704 3873 part.
717 3805 796 3857 anim.
810 3800 829 3858 Γ
842 3804 874 3857 10
890 3822 915 3872 p.
926 3806 1035 3859 672δ10
1056 3810 1130 3859 τοῦτο
1148 3806 1174 3858 δὲ
1192 3805 1221 3858 τδ
1239 3805 1351 3874 διάζωμα
1369 3805 1474 3859 καλοῦσί
1490 3826 1554 3867 τινες

198 3897 299 3965 φρένας·
325 3892 338 3945 δ
359 3892 456 3962 διορίζει
475 3892 518 3944 τόν
536 3911 563 3945 τε
581 3890 707 3960 πλεύμονα
725 3892 769 3943 καὶ
786 3892 833 3962 τήν
851 3892 953 3964 καρδίαν
1114 3892 1145 3944 18
1170 3891 1218 3946 ὑπὸ
1239 3893 1265 3946 δὲ
1287 3892 1372 3962 τοῦτο]
1394 3895 1475 3947 Arist.
1493 3897 1553 3949 hist.

198 3984 277 4035 anim.
290 3978 312 4034 A
325 3980 356 4033 17
375 3997 401 4047 p.
412 3979 522 4033 4961215
545 3979 593 4032 ύπδ
616 3979 642 4032 δέ
664 3979 693 4032 τδ
717 3979 830 4047 διάζωμα
852 3979 878 4031 έν
900 3980 945 4048 μὲν
968 3988 1019 4039 τοῖς
1041 3978 1127 4041 δεξιοῖς
1147 3985 1227 4032 κεῖται
1248 3979 1278 4032 τὸ
1302 3979 1382 4051 ἧπαρ,
1405 3982 1431 4034 έν
1455 3982 1481 4035 δὲ
1502 3991 1554 4042 τοῖς

198 4071 332 4141 ἀριστεροῖς
352 4066 366 4119 δ
385 4067 485 4137 σπλήν.
499 4103 506 4117 .
520 4067 586 4137 ,τὴν
604 4065 623 4118 δ’
639 4066 696 4137 ύψιν
715 4067 779 4119 ἐστίν
797 4065 811 4118 δ
828 4071 872 4119 τού
891 4066 1025 4137 ἀνθρώπου
1043 4067 1122 4138 σπλὴν
1141 4067 1224 4126 στενὸς
1242 4066 1285 4119 καί
1296 4068 1402 4137 μακράς,
1420 4067 1503 4139 δμοιος
1516 4076 1554 4140 τιγῑ

198 4157 265 4228 ίιείιμ.
301 4156 330 4209 τὸ
354 4153 377 4208 δ’
392 4154 460 4224 ἧπαρ
484 4153 519 4213 ὡς
542 4155 587 4222 μὲν
610 4154 650 4206 έπλ
672 4153 700 4206 τὸ
724 4154 786 4207 πολύ
808 4155 852 4207 καί
875 4155 900 4208 έν
923 4161 973 4213 τοῖς
991 4155 1112 4214 πλείστοις
1130 4155 1177 4207 ούκ
1196 4155 1248 4225 έχιι
1267 4153 1358 4225 χολήν,
1381 4155 1422 4209 ἐπ’
1438 4158 1509 4216 ἐνίοις
1527 4158 1553 4212 δὲ

199 4245 308 4298 ἔπεστιν·
333 4240 480 4312 στρογγύλον
498 4239 520 4292 δ’
536 4242 588 4293 έστὶ
605 4241 634 4294 τὸ
653 4245 697 4293 τού
717 4240 851 4312 ἀνθρώπου
870 4241 937 4312 ήπαρ
959 4244 1002 4294 καὶ
1021 4241 1106 4312 δμοιον
1126 4246 1164 4312 τιγῖ
1183 4242 1256 4311 βοείῳ
1270 4276 1277 4291 ·
1290 4277 1318 4291 ··
1335 4243 1400 4296 ibid.
1413 4242 1435 4297 B
1448 4245 1553 4298 15-16

198 4349 225 4400 p.
238 4331 346 4384 5062‘20
367 4327 446 4398 χολὴν
467 4327 493 4380 δέ
511 4334 563 4380 τῶν
581 4329 655 4398 ζῴων
672 4330 704 4381 τά
722 4331 766 4397 μὲν
785 4329 838 4399 έχει
858 4330 890 4382 τά
907 4329 933 4382 δὲ
952 4329 999 4382 ούκ
1020 4330 1073 4400 ἔχει
1091 4332 1131 4384 έπλ
1148 4334 1187 4401 τιγῖ
1205 4329 1282 4400 ήπατι
1295 4365 1301 4378 .
1316 4364 1343 4379 .·
1361 4346 1387 4398 p.
1401 4331 1507 4384 506b11
1531 4334 1554 4386 υί

199 4418 225 4471 δέ
247 4418 309 4488 πρὸς
330 4424 381 4476 τοῖς
399 4416 505 4485 ἐντέροις
522 4415 632 4485 ἔχουσιν,
656 4418 841 4487 άποτιταμένην
864 4416 913 4469 ἀπὸ
936 4420 980 4470 τού
1002 4417 1098 4487 ἥπατος
1119 4418 1203 4487 πόροις
1225 4418 1297 4476 ἐνίοις
1318 4419 1381 4470 πάνυ
1399 4418 1505 4479 λεπτοῖς.
1536 4422 1553 4492 ή

200 4505 245 4574 μὲν
262 4504 305 4557 ούν
323 4505 384 4573 ἀμία
402 4504 469 4575 παρὰ
486 4501 514 4555 τὸ
533 4503 629 4572 έντεμον
647 4505 850 4575 παρατεταμένην
869 4505 978 4575 ἰσομήκη
997 4503 1049 4574 ἔχει
1068 4508 1118 4557 etc.

200 4743 256 4797 4.5
278 4742 313 4802 ὡς
331 4743 458 4813 προεῖπον]
481 4743 514 4795 cf.
532 4759 558 4811 p.
571 4742 714 4811 38,8-14
825 4745 856 4797 12
881 4744 956 4799 αὑτὸν
974 4747 1079 4815 scripsi:
1109 4745 1211 4799 αύτδΙ)
1320 4746 1351 4798 14
1375 4746 1395 4799 δ’
1411 4748 1502 4801 addidi

201 4830 236 4884 20
260 4830 318 4903 έχον
336 4831 442 4899 ειιίροίι
468 4830 535 4901 έχων
553 4831 575 4887 Ι)
