3510 5610
768 252 965 306 PRAEFATIO
1259 287 1261 291 -
1504 263 1543 303 vn

273 423 322 510 (6)
359 422 595 511 Καρχαρόξδοντα
619 424 652 488 δέ
677 426 761 489 εἰσιν·
785 425 841 489 όσα
864 426 1052 509 στρογγύλους
1074 428 1123 489 καὶ
1145 427 1219 497 δξεῖς
1242 428 1289 491 καὶ
1312 428 1541 495 ἐναλλάσσοντας

185 547 215 608 ὲν
238 544 337 614 αὐτοῖς
360 545 426 614 τοῦς
448 543 566 612 ὀδόντας
588 541 667 628 ἔχει·
705 543 765 606 οἷον
792 545 893 614 λύκος·
928 545 1017 608 λέων·
1051 547 1141 611 κύων·
1176 549 1330 631 πάρδαλις·
1365 547 1413 609 καὶ
1435 543 1538 607 τάλλα·
1562 564 1592 612 ι5

187 664 304 729 ἔστιδὲ
328 664 332 749 )
356 665 404 728 καὶ
425 664 458 726 τδ
481 667 539 725 τῶν
562 661 674 746 ἰχδύων
696 662 777 744 γένος
800 665 876 728 ἀπαν
899 663 1111 752 καρχαρόδουν·
1135 669 1224 728 ταῦτα
1246 663 1278 725 δὲ
1301 664 1348 725 καὶ
1371 665 1541 748 σαρκοφάγα

188 783 372 869 συμβέβηκεν
399 781 479 846 εἶναι.

273 901 321 987 (9)
365 899 610 966 Χαυλιόδυντα
633 900 665 962 δὲ
687 901 722 963 τὰ
738 902 930 986 ὑποφαίνοντα
954 902 958 986 (
983 900 1047 973 ἔξω
1070 902 1150 972 τούς
1172 900 1304 971 ύδόντας·
1328 901 1388 965 οἷον
1411 899 1457 971 ὖς·
1481 901 1540 964 ἑλέ·

187 1046 261 1106 φας·
285 1021 431 1091 ἀσπάλαξ·
454 1021 502 1083 καὶ
524 1017 555 1082 εἴ
573 1042 599 1081 τι
620 1018 706 1083 ἄλλοι

273 1140 321 1226 (7)
364 1141 531 1225 ἀμφόδοντα
551 1138 583 1201 δέ
597 1140 686 1203 ἐστιν·
716 1140 791 1204 οἷον
814 1140 986 1226 ἄνθρωπος·
1013 1142 1113 1212 ἵππος·
1138 1140 1218 1210 ὄνος·
1241 1139 1362 1226 ἔλαφος·
1385 1142 1433 1205 καὶ
1449 1143 1541 1204 πάκτα
1560 1160 1594 1207 90

187 1259 243 1325 όσα
273 1262 276 1344 )
307 1259 360 1323 οῦκ
386 1257 614 1342 ἐνηλλαγμένους
641 1257 745 1343 ἔχουσι
771 1260 838 1328 τούς
865 1259 997 1330 ὀδόντας·
1036 1265 1126 1324 ταῦτα
1153 1261 1185 1324 δὲ
1218 1260 1384 1346 συμβέβηκε
1416 1261 1540 1343 πιμελὴν

187 1378 255 1442 ἀλλ’
282 1378 317 1442 ού
339 1378 425 1462 στέαρ
450 1375 538 1462 ἔχειν.

271 1496 319 1583 (8)
363 1499 519 1563 συνόδοντα
545 1496 577 1559 δέ
605 1497 659 1560 εἰσι
686 1498 753 1582 βοῦς
781 1500 938 1586 πρόβατον·
963 1501 967 1585 (
992 1499 1050 1571 αἴΕ·
1082 1500 1129 1563 καὶ
1156 1499 1187 1562 εἴ
1209 1523 1235 1562 τι
1261 1498 1428 1584 συμβέβηκε
1454 1499 1540 1583 στέαρ

187 1616 270 1702 ἔχειν
292 1614 356 1680 ἀλλ’
384 1617 417 1681 ού
441 1617 577 1700 πιμελήνε

273 1735 342 1822 (10)
385 1734 492 1819 ἔντομα
518 1737 550 1798 δὲ
576 1739 720 1814 καλεῖται,
749 1736 804 1802 όσα
829 1745 888 1803 τῶν
916 1743 1000 1812 ζώων
1027 1739 1150 1822 ἐντομὴν
1178 1735 1282 1820 μεταξὺ
1305 1737 1416 1799 ἑαυτῶν
1439 1737 1538 1822 κέκτη·
1558 1758 1590 1807 25

184 1880 245 1919 ται·
269 1856 400 1940 καθάπερ
425 1855 429 1939 Ι
454 1858 474 1940 ἤ
497 1880 528 1918 τε
551 1855 626 1940 σφὴξ
648 1858 696 1920 καὶ
719 1858 847 1942 μύρμηξ·
876 1861 923 1922 καὶ
948 1859 1079 1942 με’λιττα·
1108 1859 1156 1921 καὶ
1183 1855 1258 1920 εἴτι
1280 1855 1367 1918 ἄλλο·
1396 1857 1486 1916 ταῦτα
1508 1854 1541 1916 δὲ

183 1976 223 2040 τὰ
244 1980 307 2048 ζῶα
329 1976 441 2059 λέγεται
464 1977 537 2058 μήτε
559 1975 695 2038 ἀναπνεῖν
718 1979 793 2061 μήτε
815 1979 962 2062 πνεύμονα
983 1977 1077 2063 ἔχευε

271 2093 339 2179 (11)
383 2095 505 2180 ἀρφιᾙια
532 2097 564 2159 δὲ
588 2094 591 2179 (
616 2095 823 2180 ὠνόμασται
850 2098 905 2162 ὅσα
933 2105 991 2162 τῶν
1015 2100 1098 2170 ζώων
1132 2097 1179 2160 καὶ
1209 2096 1256 2159 ἐπὶ
1284 2101 1338 2179 γῆς
1360 2094 1469 2180 χέρσου
1492 2097 1540 2158 καὶ

184 2268 216 2330 ἐν
237 2271 281 2352 τῷ
305 2269 384 2331 ύδατι
413 2266 473 2350 βιοῖ
496 2266 628 2352 καθάπερ
660 2270 725 2343 ό,τε
747 2270 887 2352 ποτάμιος
915 2268 1002 2337 ἵππος
1030 2269 1077 2332 καὶ
1100 2205 1172 2351 καύόῇ
1197 2266 1265 2351 [οἱα
1288 2262 1406 2348 ἔνυδρος
1428 2264 1467 2349 Ρ]
1491 2266 1539 2328 καὶ

183 2387 380 2471 κροκόδειλος·
404 2384 521 2448 δύναται
536 2385 591 2471 γὰρ
614 2390 661 2451 καὶ
678 2388 831 2474 ἄνθρωπος
849 2387 853 2471 1
870 2389 1005 2473 ἀμφίβιος
1027 2388 1176 2469 λέγεσθαι·
1200 2387 1255 2450 εἰσὶ
1277 2385 1331 2470 γάρ
1354 2385 1389 2448 οἳ
1412 2384 1474 2468 ἀρα
1489 2386 1537 2448 καὶ
1556 2403 1589 2452 30

184 2507 275 2569 ἐντῶ
295 2505 371 2589 ξηρῶ
390 2506 437 2568 καὶ
457 2504 544 2567 ἐντῶ
560 2505 637 2590 ῦγρῶ
660 2509 822 2571 διαιτῶνται
845 2508 977 2591 καθάπερ
993 2508 1023 2570 ἐν
1044 2507 1173 2588 αἰγύπτω
1195 2507 1243 2569 καὶ
1266 2505 1398 2588 ἀλλαχοῦ
1422 2505 1525 2567 πολλοί
1531 2527 1538 2568 :

272 2623 341 2708 (12)
384 2625 529 2687 λεπιδωτά
552 2626 584 2687 δὲ
606 2625 717 2711 εἴρηται
741 2625 744 2711 J
768 2629 861 2690 πάντα
882 2627 918 2689 τά
933 2632 990 2690 τῶν
1008 2627 1119 2712 ἰχθύων
1135 2626 1203 2710 γένη
1227 2623 1282 2695 ἔξω
1305 2630 1362 2687 τῶν
1379 2625 1538 2708 σελαχίων;

272 2740 340 2827 (13)
384 2744 531 2827 φολιδωτά
556 2744 588 2807 δέ
616 2745 691 2808 ἐστιν
715 2744 778 2820 &te
800 2750 906 2830 σαῦρος
928 2747 976 2809 καὶ
1004 2749 1023 2829 ἡ
1047 2747 1247 2831 σαλαμάνδρα·
1283 2746 1330 2809 καὶ
1353 2747 1372 2827 ἡ
1396 2746 1538 2828 χελώνη

185 2865 234 2926 καὶ
257 2864 273 2925 ό
297 2863 493 2947 κροκόδειλος·
527 2866 575 2927 καὶ
602 2866 641 2928 τδ
664 2870 721 2928 τῶν
745 2864 841 2951 όφεων
866 2864 869 2950 J
894 2870 950 2928 πᾶν
973 2865 1067 2948 γένος·
1095 2870 1185 2928 ταῦτα
1207 2865 1239 2928 δὲ
1261 2864 1373 2947 λέγεται
1396 2864 1442 2926 καὶ
1466 2863 1540 2926 κατά

183 3007 261 3052 τινας
289 2983 405 3066 καιροὺς
437 2984 469 3046 τὸ
497 2989 588 3067 γῆρας
614 2985 777 3049 ἐκδύεσδαι.
833 2987 848 3048 ό
876 2986 909 3048 δὲ
941 2985 1122 3071 κροκόδειλος
1149 2985 1274 3070 φωλεύει
1306 2985 1358 3067 μὲν
1386 2984 1460 3045 κατὰ
1487 2981 1537 3050 τάς
1557 2999 1589 3048 3ο

183 3102 475 3188 χειμερῐωτάτας
496 3104 631 3188 ἡμέρας
653 3130 673 3187 μ
696 3107 770 3170 κατὰ
791 3112 845 3191 γῆς
870 3104 874 3190 )
898 3106 1105 3190 κεκρυμμένος·
1135 3106 1166 3166 τὸ
1190 3104 1222 3166 δὲ
1236 3108 1326 3186 γῆρας
1341 3103 1394 3164 οὐκ
1410 3100 1539 3164 ἐκδύεται

184 3221 319 3304 καθάπερ
341 3219 409 3283 οῦδὲ
430 3223 450 3304 ἡ
473 3224 606 3308 χελώνης

271 3338 338 3424 (14)
387 3339 534 3426 μονόνυχα
566 3343 598 3405 δὲ
631 3345 743 3426 λέγεται
774 3346 873 3414 ἵππος·
913 3345 991 3414 όνος·
1027 3344 1122 3427 ὀρεύς·
1164 3343 1211 3406 καὶ
1244 3341 1274 3405 εἴ
1297 3365 1322 3403 τι
1356 3339 1427 3402 ἀλλο
1461 3339 1540 3422 παρὰ

184 3458 342 3543 [fenestra
363 3478 466 3520 1v-v
492 3461 681 3547 litterarum]
710 3487 782 3532 τοις
808 3466 840 3527 δὲ
864 3463 867 3546 l
893 3463 1058 3549 συμβέβηκε
1085 3464 1132 3525 καὶ
1160 3461 1352 3546 λοφούροις
1379 3459 1539 3542 κεκλῆσθαι

183 3577 250 3661 ἤτοι
272 3579 459 3665 νωτοφόροιςε
1555 3597 1590 3645 40

270 3696 337 3782 (15)
380 3700 514 3800 διχηλά
542 3701 574 3764 δέ
602 3702 677 3777 ἐστι,
707 3704 852 3787 κάμηλος·
887 3699 1008 3783 ἔλαφος·
1044 3699 1090 3770 ῦς·
1127 3701 1208 3785 βοῦς·
1236 3700 1355 3784 δορκάς·
1390 3700 1437 3761 καὶ
1465 3696 1495 3760 εἴ
1513 3721 1538 3760 τι

184 3816 271 3880 ἄλλο·
294 3815 484 3903 συμβέ)βηκεν
507 3820 619 3890 ἐντοῖς
642 3821 784 3890 ύπισδόοις
806 3822 888 3884 ποσὶν
911 3821 1153 3904 ἀστραγάλους
1175 3817 1267 3903 ἔχεινε

270 3936 338 4021 (16)
382 3941 582 4025 πολυσχιδῆ
605 3940 637 4004 δέ
659 3940 743 4004 εἰσιν·
772 3939 940 4024 άνδρωπος·
964 3940 1053 4002 κύων·
1077 3939 1168 4001 λε’ων·
1197 3939 1268 4006 θῶς
1290 3938 1337 4000 καὶ
1359 3936 1433 3998 εἴτι
1455 3935 1537 3998 άλλο.

269 4056 337 4142 (17)
382 4058 576 4142 στεγανόπυδα
596 4061 628 4124 δὲ
644 4060 705 4143 ἅμα
719 4061 768 4123 καὶ
783 4061 961 4144 πλατῶνυχα
986 4056 989 4140 (
1014 4057 1140 4139 λέγεται·
1165 4056 1280 4125 κύκνος·
1304 4057 1376 4139 χήν·
1400 4055 1536 4117 πελεκάν·

183 4178 233 4239 καὶ
256 4183 312 4239 τῶν
335 4183 447 4260 νηκτῶν
471 4183 528 4242 πᾶν
550 4181 643 4262 γένος·
672 4179 715 4247 οἷς
736 4180 785 4242 καὶ
806 4177 974 4262 συμβέβηκε
996 4177 1142 4262 φιλύδροις
1165 4174 1250 4237 εἶναις
1555 4194 1588 4242 45

268 4294 337 4380 (18)
381 4295 573 4382 δερμόπτερος
595 4299 628 4362 δέ
650 4298 725 4361 ἐστιν
748 4299 767 4380 ἡ
791 4297 932 4381 νυκτερίς·
956 4299 975 4382 ἧ
998 4320 1039 4366 τις
1062 4295 1135 4379 μόνη
1158 4299 1215 4356 τῶν
1240 4293 1244 4377 Ι
1268 4297 1384 4376 πτηνῶν
1400 4297 1540 4364 ζωοτοκεῖ

182 4415 232 4477 καὶ
253 4417 327 4497 γαλα
348 4412 411 4500 ἔχει
433 4417 545 4487 ἐντοῖς
568 4421 688 4501 μαστοῖς
709 4415 756 4479 καὶ
781 4415 903 4498 θηλάζει
925 4416 1037 4485 εὐθέως
1060 4417 1092 4478 τό
1114 4416 1305 4498 γεννῶμενυνε

255 4671 287 4722 18
314 4672 356 4725 hic
375 4673 436 4725 ordo
455 4674 673 4742 paragraphorum
692 4674 716 4724 9.
728 4672 783 4724 7.8
803 4672 942 4741 respondet
960 4672 1040 4725 indici
1059 4672 1101 4740 §l
1123 4675 1150 4722 at
1168 4669 1201 4722 cf.
1214 4668 1316 4721 Aeliani
1336 4686 1394 4723 exc.
1414 4671 1445 4722 H.
1458 4672 1538 4723 anim.

180 4758 221 4810 XI
240 4758 283 4811 37.
306 4774 331 4826 p.
344 4759 443 4823 ‘2892ss
571 4760 604 4812 39
624 4759 756 4812 intercidit
774 4759 883 4812 fortasse
900 4759 1028 4822 (τούτους
1047 4759 1156 4823 τού>τοις
1175 4757 1208 4808 δὲ.
1243 4756 1334 4808 turbas
1354 4759 1394 4810 hic
1408 4759 1435 4810 in
1449 4758 1537 4810 archo·

181 4853 245 4915 typo
263 4845 345 4899 fuisse
363 4852 389 4899 et
407 4847 563 4916 interpolata
582 4848 609 4898 in
628 4846 649 4897 P
669 4847 703 4916 μὴ
723 4853 772 4898 νεῖν
791 4846 900 4899 delenda
917 4864 973 4899 esse
992 4849 1069 4900 etiam
1090 4849 1149 4899 hinc
1169 4852 1283 4913 ορρπιυῖ,
