3510 5610
274 302 336 368 118
429 302 680 357 ARISTOPHANIS
698 302 882 357 HISTORIAE
902 302 1471 359 ΑΝΙΜΑΜΠΜΕΡ1701131142θ-427

410 474 504 558 (420)
543 474 721 541 Αίλιανοῦ.
765 473 830 542 Ὅτι
858 478 878 561 ἡ
908 474 1049 541 Βοιωτῶν
1078 482 1116 560 γῆ
1147 478 1324 541 ἀσπαλάκων
1357 478 1494 565 χηρεόει,
1526 478 1576 543 καὶ

330 576 497 663 ἀλλαχόθεν
530 578 664 648 ἀσπαλαξ
701 580 895 663 είσκομισθεὶς
921 580 985 643 ἐκεῖ
1013 579 1202 663 ἀποθνήσκει.
1246 582 1311 664 περὶ
1339 582 1372 645 δὲ
1396 582 1449 665 τήν
1472 578 1576 667 Ὀρχο-

329 681 434 762 μενίων
456 687 509 765 γήν
531 684 653 764 γίνονται
674 683 776 744 πολλοὶ
799 682 974 751 ἀσπαλοικες.

413 785 507 869 (421)
539 782 597 847 Ἐκ
623 788 682 846 τοῦ
708 781 904 866 Τιμοθέου.
948 782 1079 867 Ζοφερόν
1101 808 1127 847 τι
1149 789 1241 869 ζιβον,
1269 786 1371 870 φασίν,
1394 786 1410 849 ό
1433 786 1576 861 ἀσπάλαξ,

299 889 432 971 στυφλδν
461 888 509 950 καὶ
537 888 665 969 ἀνήλιον.
711 890 794 948 τοῦτο
822 887 854 948 δὲ
881 886 937 949 ὑπό
964 891 1017 968 γῆν
1045 886 1132 970 ἕρπον
1155 887 1205 957 τοὶς
1226 892 1283 949 τῶν
1306 894 1404 971 φυτῶν
1425 890 1577 971 διατρώγει

330 992 409 1077 βίζας
431 992 479 1053 καὶ
503 990 626 1073 ξηραίνει
650 986 724 1051 αὐτὰ
745 989 793 1049 καὶ
816 987 870 1050 οὐκ
893 988 993 1071 ἐνεργά
1015 993 1066 1051 τοῦ
1088 992 1189 1051 λοιποῦ
1211 990 1317 1073 τίθησι.
1406 990 1500 1074 (422)
1526 992 1578 1075 θη-

327 1094 456 1177 ρεύονται
484 1093 516 1155 δὲ
543 1092 614 1175 πρδς
640 1095 697 1153 τῶν
725 1090 875 1173 γηπόνων,
904 1092 1016 1174 πράσου
1039 1114 1070 1153 τε
1091 1092 1111 1174 ἢ
1134 1092 1283 1175 κρομμύου
1306 1097 1381 1176 πνοή
1404 1098 1461 1155 τῶν
1483 1092 1576 1177 φθιων

327 1196 479 1265 ἀναδόντες
508 1195 664 1280 βερέθρων.
772 1192 864 1274 (423)
897 1192 1008 1273 λέγεται
1037 1194 1088 1276 μὲν
1115 1192 1165 1256 οὖν
1191 1194 1278 1257 αὐτόν
1307 1195 1380 1258 εἶναι
1405 1195 1454 1257 τὸν
1482 1194 1575 1259 Φινέα

326 1297 358 1366 δς
384 1299 440 1362 ὑπὸ
460 1296 563 1361 Ἡλίου
590 1296 656 1364 τοὶις
682 1294 854 1379 ὀφθαλμοὺς
880 1296 1012 1363 ἐκκοπεὶς
1038 1297 1080 1364 είς
1105 1297 1261 1360 ἀσπάλοικα
1289 1297 1472 1381 μετεβλήθη,
1499 1303 1576 1383 ζῷον

287 1418 313 1462 10
326 1400 387 1465 οὐδ’
408 1400 485 1471 ὅλως
509 1402 558 1463 τὸν
586 1400 641 1461 ὑπδ
668 1404 721 1481 γῆν
745 1396 832 1481 ζόφον
855 1398 1006 1460 ἀπολιπεῖν
1028 1397 1213 1482 ἀνεχόμενον.
1259 1399 1327 1462 ὅθεν
1350 1399 1381 1462 εἴ
1398 1422 1468 1463 ποτε
1488 1401 1576 1465 αῦτδν

326 1505 464 1568 θεοίσαιτο
485 1500 600 1574 Ἥλιος,
628 1502 775 1568 ἀδυνάτως
802 1498 865 1584 ἔχει
892 1504 941 1562 τοῦ
968 1503 1069 1563 λοιποῦ
1096 1502 1147 1583 τὴν
1174 1506 1228 1584 γῆν
1255 1503 1407 1577 ὑποδῦναι,
1434 1505 1576 1566 πλανᾶται

327 1607 359 1669 δὲ
392 1606 468 1668 οῦτω
502 1607 550 1668 τόν
583 1604 697 1687 συνήθη
730 1601 831 1666 σκότον
865 1603 1007 1686 ἐπιζητῶν
1045 1606 1092 1666 καὶ
1125 1604 1158 1666 τό
1190 1604 1273 1687 φίλον
1306 1608 1377 1668 πᾶσι
1410 1610 1475 1689 φῶς
1506 1604 1577 1668 ἀπυ-

327 1708 530 1792 τετραμμένος.

412 1810 506 1893 (424)
539 1807 819 1892 Ἀριστοφάνους.
865 1804 982 1891 ’Βχῖνος
1007 1808 1023 1869 ό
1046 1813 1182 1892 χερσαῖος
1204 1808 1295 1878 πόδας
1318 1810 1370 1892 μὲν
1392 1806 1456 1894 ἔχει
1477 1832 1577 1873 πεντα·

290 1929 316 1973 15
330 1913 497 1989 δακτύλους,
518 1912 650 1994 καθάπερ
674 1912 722 1973 καὶ
743 1912 762 1992 ή
786 1910 899 1993 ἀρκτος,
923 1910 1029 1994 βόγχος
1052 1910 1110 1988 θός,
1134 1910 1252 1980 ὀδόντας
1274 1910 1324 1980 οὓς
1346 1912 1397 1995 μὲν
1420 1912 1576 1997 πρυβοὶτυυ,

329 2015 379 2084 οὓς
401 2016 434 2078 δὲ
456 2014 553 2083 κυνός·
583 2013 710 2097 μαστοὺς
732 2014 814 2080 ἑπτά,
837 2013 877 2081 είς
899 2010 934 2073 τά
956 2010 1034 2079 δεξιὰ
1057 2013 1141 2075 πέντε
1163 2015 1211 2077 καὶ
1233 2015 1274 2083 είς
1296 2014 1331 2077 τά
1353 2014 1487 2099 ἀριστερὰ
1509 2014 1576 2078 δίιο·

327 2118 428 2200 κέρκον
454 2117 556 2201 μικράν
579 2117 628 2178 καὶ
650 2116 758 2177 αἰδοῖον
782 2115 981 2196 ὑποκείμενον·
1017 2120 1069 2197 τῆς
1090 2115 1122 2177 δὲ
1145 2116 1256 2198 μήτρας
1278 2117 1310 2179 τὸ
1333 2118 1440 2179 αίδοῖον
1463 2116 1522 2185 ὑός.

327 2219 420 2301 (421))
442 2218 618 2302 ἀνατμηθεὶς
633 2216 675 2296 δέ,
698 2220 832 2299 γλῶσσαν
849 2219 900 2299 μὲν
916 2218 969 2279 οὐκ
991 2214 1055 2301 ἔχει
1071 2220 1208 2301 μεγαλην,
1232 2219 1266 2281 τοὶ
1288 2217 1313 2282 δ’
1330 2218 1405 2281 ἀλλα
1424 2220 1578 2305 σπλάγχνα

328 2320 415 2403 θμοιοι
437 2321 480 2396 ὑί,
504 2325 616 2404 σπλῆνα
639 2321 671 2383 δὲ
693 2320 755 2382 λίαν
780 2319 904 2401 μέλανα,
927 2318 1026 2402 ὅμοιον
1048 2324 1091 2404 τῳ
1114 2324 1164 2382 τοῦ
1191 2322 1289 2383 ἵππου.
1390 2320 1483 2405 (426)
1509 2322 1578 2393 τοῦς

287 2424 360 2487 ουδὲ
389 2422 486 2508 ὄρχεις
513 2424 529 2485 ό
556 2422 645 2505 ἄρρην
673 2419 736 2506 ἔχει
763 2418 823 2483 ἔσω
850 2423 920 2504 πρὸς
948 2426 984 2505 τῇ
1009 2423 1096 2507 όσφόι
1117 2423 1250 2507 καθάπερ
1272 2424 1299 2486 οὶ
1321 2423 1522 2507 ἀλεκτρυόνες·
1555 2426 1577 2507 ἡ

328 2528 360 2590 δὲ
383 2527 489 2608 θήλεια
511 2527 563 2607 τἠν
586 2524 706 2607 ὑστέραν
730 2524 850 2607 δίκρουν.
941 2524 1035 2608 (427)
1060 2526 1172 2607 λέγεται
1195 2526 1227 2589 δὲ
1249 2527 1282 2588 τό
1306 2530 1382 2610 ζῷον
1404 2531 1487 2590 τοῦτο
1509 2550 1578 2611 προ·

330 2629 517 2714 μεταβάλλειν
541 2628 592 2695 τοὶς
607 2627 680 2695 ίδίας
703 2627 786 2694 όποὶς,
810 2627 857 2688 καὶ
873 2626 940 2689 όταν
957 2628 1008 2710 μὲν
1032 2627 1131 2712 βόρεια
1153 2628 1246 2710 με’λλη
1263 2634 1351 2702 πνεῖν,
1374 2630 1415 2697 είς
1428 2630 1465 2691 τά
1486 2629 1577 2703 νότια,

330 2730 397 2793 όταν
420 2730 453 2793 δὲ
474 2729 554 2793 νότια
575 2730 616 2797 είς
638 2728 673 2790 τοὶ
697 2727 803 2812 βόρεια.
849 2729 917 2792 όθεν
945 2732 1161 2815 κατανοήσαντά
1183 2754 1245 2792 τινα
1266 2731 1298 2792 τ“ο
1320 2728 1467 2814 γινόμενον
1490 2730 1576 2815 [ὑπὸ]

328 2837 386 2894 τῶν
414 2832 444 2894 ἐν
468 2829 619 2915 Βυζαντίῳ
648 2830 794 2913 προλέγειν
822 2836 880 2899 τοῖς
906 2833 1032 2901 πολίταις
1060 2832 1126 2901 τοὺς
1155 2832 1310 2915 μέλλοντας
1337 2832 1460 2917 ἀνέμους
1486 2840 1577 2911 πνεῖν,

289 2952 316 2995 ευ
330 2937 377 2998 καὶ
400 2934 476 2997 οῦτω
499 2931 582 3001 δόξαν
606 2931 818 3015 ἀπενέγκασθαι
840 2932 874 2995 υιὶ
897 2935 949 3017 τήν
971 2939 1125 3019 τυχοῦσαν.

276 3114 319 3120 .—
327 3111 388 3119 ..-
397 3108 677 3117 ————-——.--‚.

279 3215 291 3266 l
315 3211 364 3280 ότι]
393 3211 425 3263 cf.
449 3210 505 3263 λεὶ.
531 3216 584 3262 nat.
609 3212 688 3263 anim.
707 3212 782 3264 xvu
797 3212 828 3263 10
858 3215 897 3278 (p.
914 3210 1093 3277 416,23-26
1118 3212 1229 3277 Ηετιτὶι.)
1273 3214 1353 3265 Arist.
1377 3214 1438 3265 hist.
1464 3214 1544 3265 anim.
1562 3210 1632 3267 028

277 3317 302 3369 ρ.
316 3297 433 3351 605b31.
457 3299 546 3349 mirab.
561 3313 630 3349 κυντ.
648 3297 694 3349 124
716 3314 742 3365 ρ.
755 3298 846 3350 84:²12ss
935 3298 952 3349 4
975 3298 1089 3368 ζοφερόν]
1107 3298 1219 3351 Timoth.
1232 3316 1257 3365 p.
1269 3298 1333 3363 23,8
1352 3317 1408 3368 κεφ.
1426 3300 1462 3363 μ’.
1484 3302 1539 3371 περὶ
1552 3301 1631 3355 ἀσπό-

277 3388 362 3444 λακος.
391 3384 429 3437 ότι
442 3382 553 3443 dannan?
572 3385 623 3436 ἐστὶ
641 3384 723 3453 τυφλή
742 3384 815 3455 γαλῆ,
833 3384 859 3442 ὃς
878 3385 926 3438 ῦπδ
945 3386 991 3455 τὴν
1009 3390 1055 3455 γῆν
1074 3385 1157 3455 ἕρπων
1175 3386 1251 3439 ἐσθίει
1268 3388 1312 3444 τὰς
1331 3385 1397 3458 ῥίζας
1414 3391 1467 3437 τῶν
1483 3394 1571 3457 φυτῶν
1588 3390 1633 3441 καὶ

277 3473 384 3545 ξηραίνει
402 3471 466 3523 αιίτά
536 3471 586 3521 67
607 3469 764 3541 θηρεόονται]
778 3472 798 3523 T
800 3474 889 3524 imoth.
903 3490 928 3540 p.
939 3472 1022 3537 23,10
1046 3472 1173 3544 ἀγρεότται
1185 3473 1211 3525 δὲ
1224 3472 1290 3544 δόλῳ
1303 3474 1346 3525 καὶ
1358 3473 1450 3541 παγίσι.
1472 3474 1631 3543 τ1.ορρ1ειι.

278 3562 375 3628 Cyneg.
388 3561 411 3612 11
425 3558 476 3610 612
487 3574 542 3625 sqq.
660 3558 676 3610 8
699 3558 806 3627 λέγεται]
828 3560 849 3610 T
851 3560 939 3612 ἰιιιυιλ.
958 3577 982 3628 ρ.
997 3559 1079 3626 23,10
1102 3559 1199 3628 λέγεται
1216 3560 1242 3612 δὲ
1260 3561 1320 3612 εἶναι
1338 3557 1425 3617 Φινεθς
1443 3562 1487 3613 καὶ
1504 3560 1632 3633 μεταβλη-

276 3646 351 3717 θῆναι
370 3648 403 3704 εὶς
421 3644 508 3715 θηρίον
526 3644 596 3714 χόλῳ
614 3650 659 3697 τοῦ
677 3642 774 3709 Ἡλίου,
794 3644 858 3698 ὥστε
878 3648 921 3698 καὶ
940 3648 981 3699 ἐάν
1001 3644 1067 3716 όφθή
1087 3649 1125 3712 τηῖ
1142 3644 1233 3715 Ἠλίῳ,
1252 3647 1336 3699 οὐκέτι
1354 3646 1451 3716 δέχεται
1469 3646 1546 3700 αθτόν
1562 3648 1580 3717 ἡ
1598 3654 1631 3719 γῆ

281 3734 320 3786 19.
335 3734 369 3785 20
387 3734 444 3790 τοὺς
462 3732 488 3783 δέ
507 3731 599 3802 όρχεις]
620 3733 699 3784 Arist.
713 3748 799 3793 [senor.
812 3735 890 3785 anim.
904 3729 953 3785 ,45
972 3749 997 3800 ρ.
1008 3733 1116 3785 717δ26
1135 3735 1214 3786 πάντα
1233 3732 1252 3785 δ’
1264 3733 1316 3803 ἔχει
1334 3733 1366 3784 τὰ
1384 3734 1497 3802 ζῳοτόκα
1514 3736 1572 3794 τοὶις
1590 3734 1632 3807 όρ-

278 3839 329 3891 χεις
349 3822 375 3872 ἐν
394 3824 431 3889 τηῖ
450 3818 555 3888 πρόσθεν
573 3818 590 3888 ἢ
610 3818 668 3879 ἐξω,
687 3819 751 3889 πλὴν
769 3820 864 3889 ἐχίνου·
890 3818 961 3877 οὗτος
979 3819 1005 3871 δὲ
1023 3820 1083 3890 πρὸς
1101 3828 1132 3891 τη·
1151 3819 1225 3889 όσφθι
1243 3822 1318 3889 μόνος
1335 3821 1374 3873 διαὶ
1391 3822 1438 3891 τὴν
1455 3820 1535 3891 αδτὶγν
1551 3822 1633 3875 «irim

277 3907 310 3959 δι’
325 3908 403 3977 ήνπερ
420 3908 464 3958 καὶ
479 3906 502 3958 οὶ
517 3904 619 3975 ὄρνιθες.
649 3904 681 3957 τὶ.
698 3907 766 3959 llist.
780 3908 859 3959 anim.
874 3904 892 3958 Γ
905 3909 915 3957 1
937 3923 961 3974 ρ.
972 3907 1063 3959 509129
1166 3910 1195 3959 21
1218 3908 1325 3977 λέγεται]
1345 3910 1423 3961 Arist.
1433 3910 1493 3961 hist.
1503 3910 1584 3961 anim.
1594 3906 1632 3963 16

278 4012 304 4063 p.
317 3995 408 4047 612b4
431 3994 486 4062 περὶ
508 3992 533 4045 δέ
555 3996 600 4061 τῆς
618 3998 669 4044 τῶν
689 3994 778 4063 ἐχίνων
796 3992 934 4064 αίσθήστως
953 3994 1096 4063 συμβέβηκε
1115 3994 1242 4065 πολλαχοῦ
1261 3994 1432 4065 τεθεωρήσθω
1450 3992 1488 4050 ότι
1506 3996 1632 4065 μεταβαλ-

278 4081 374 4133 λόντων
392 4080 488 4150 βορίων
506 4081 550 4131 καὶ
562 4080 642 4132 νότων
660 4079 683 4131 οὶ
701 4082 745 4147 μὲν
759 4082 784 4132 ἐν
798 4085 830 4151 πή
843 4085 876 4151 γή
894 4082 937 4139 τὰς
956 4080 1019 4139 όπάς
1037 4081 1121 4134 ἀυτῶν
1140 4082 1336 4152 μεταμείβουσιν,
1354 4083 1377 4134 οὶ
1394 4081 1413 4134 δ’
1429 4084 1455 4135 ἐν
1473 4090 1526 4142 ταῖς
1543 4082 1633 4143 οίκίεις

278 4168 423 4237 τρεφόμενοι
442 4166 622 4236 μεταβάλλουσι
640 4168 701 4238 πρὸς
719 4169 775 4225 τους
794 4170 900 4237 τοίχους,
920 4168 977 4221 ὥστ’
994 4170 1019 4221 ἐν
1038 4166 1165 4239 Βυζαντίῳ
1184 4172 1210 4239 γέ
1229 4172 1284 4223 τινά
1301 4185 1361 4239 φασι
1379 4168 1530 4239 προλέγοντα
1547 4169 1634 4241 λαβεῖν

278 4254 352 4315 δόξαν
370 4255 399 4306 ἐκ
417 4258 462 4306 τοῦ
480 4256 688 4323 κατανενοηκέναι
706 4262 823 4309 ποιοῦντα
841 4262 920 4308 ταῦτα
937 4256 981 4308 τὸν
999 4257 1080 4327 ἐχῖνον

281 4513 293 4564 1
315 4509 441 4564 Ὴίλιανοῦ
459 4512 537 4580 culpa
555 4514 722 4566 rubricatoris
740 4512 761 4563 1)
909 4512 924 4563 2
947 4512 994 4581 τὴν
1012 4530 1045 4566 εκ
1064 4512 1120 4566 λεὶ.
1138 4514 1243 4581 scripsi:
1262 4520 1314 4567 τῶν
1331 4514 1352 4565 1)
1485 4512 1501 4565 7
1520 4512 1633 4583 κρεμόω

279 4600 342 4669 πνοὴ
360 4600 381 4652 D
497 4598 514 4649 8
532 4598 662 4658 ἀναδόντες
681 4598 806 4669 βερέθρων
824 4600 930 4667 scripsi:
948 4599 1076 4658 ἀναθέντες
1095 4598 1221 4669 κερίθρων
1240 4601 1261 4653 D
1370 4601 1457 4653 1213
1475 4602 1632 4672 ἀποτετραμ-

280 4688 352 4754 μένος
371 4687 474 4753 scripsi:
494 4687 710 4756 ἀποτετραμμένον
730 4689 750 4739 1)
877 4687 907 4738 15
930 4687 980 4744 υὶός
999 4688 1020 4739 D
1147 4687 1177 4738 17
1201 4688 1297 4759 μήτρας
1315 4688 1344 4741 τὸ
1363 4687 1453 4741 αίδυῖον
1472 4690 1510 4740 sic
1529 4690 1551 4741 l)

283 4774 314 4825 18
337 4774 486 4843 ἀνατμηθεὶς
509 4775 602 4840 scripsi
622 4774 688 4826 «5.ss
708 4774 786 4841 §138
806 4791 830 4842 p.
844 4773 982 4838 72,12ε1.;
1005 4772 1158 4843 ἀποτμηθεὶς
1182 4774 1203 4825 1)
1362 4775 1395 4826 22
1420 4774 1499 4846 μίλλη
1524 4777 1631 4845 scripsi:

281 4860 363 4929 μέλλει
383 4862 403 4912 θ
528 4860 561 4912 23
583 4860 631 4913 ὶιπδ
650 4862 733 4915 delevi
