3510 5610
626 311 1103 393 66161166661666666666
1504 337 1546 406 93

243 513 332 597 lupos
354 533 427 577 uero
449 519 504 578 aut
518 513 629 597 uulpes
644 519 699 577 aut
720 512 795 596 quid
816 511 970 576 maiorum
992 517 1024 575 61
1043 511 1277 575 malefactorum
1292 511 1495 592 nullomodo,
1514 525 1562 584 519

243 637 342 699 neque
369 614 560 679 mordacium
587 620 618 679 et
644 614 825 678 nociuorum
853 613 1011 698 reptilium
1037 620 1161 697 praeter
1182 616 1356 696 φαλλαγγια,
1390 614 1421 678 id
1450 621 1497 679 est

244 739 372 782 araneas
394 739 499 782 mersu
521 718 656 782 nociuas.
690 717 842 781 translata
864 723 969 780 autem
992 715 1144 799 quaedam
1168 715 1350 780 animalium
1373 717 1406 781 in
1421 717 1524 781 aliasr

246 821 384 904 regiones
407 820 579 905 aequaliter
594 820 719 904 quidem
738 825 923 903 permanent
945 826 976 882 et
991 818 1181 898 nutriuntur,
1204 819 1341 883 fortassis
1357 841 1430 884 uero
1446 820 1497 884 de-

214 924 351 989 51161661
378 945 440 988 666
467 923 718 987 administrantia
744 921 925 986 mutationis
951 921 1178 1005 superfluitate:
1209 921 1495 1006 superabundantia

243 1028 326 1091 enim
349 1026 523 1111 corruptrix
547 1033 593 1090 est
615 1025 765 1089 omnium.
809 1024 932 1087 sinere
960 1023 1085 1087 omnino
1108 1030 1317 1090 transmutata
1340 1027 1498 1110 potuerint

244 1151 380 1211 manere,
402 1151 464 1194 nen
488 1129 551 1192 iam
573 1127 749 1191 saluificant
774 1126 905 1190 eandem
927 1126 970 1189 sic
993 1126 1171 1210 peremnia
1194 1128 1403 1192 membrorum
1425 1149 1498 1211 aug·

246 1233 470 1297 mentationem
485 1252 586 1314 neque
601 1229 697 1294 totius
719 1229 835 1293 formae
850 1229 1005 1292 affectum.
1040 1235 1205 1313 prepterea
1219 1229 1314 1293 etiam
1330 1230 1409 1295 hanc
1431 1231 1498 1314 qui·

244 1334 317 1399 dam
343 1335 535 1399 occasionem
557 1332 724 1396 inueniunt
745 1332 799 1415 qui
814 1330 959 1395 habitant
978 1331 1011 1395 in
1031 1331 1178 1394 extremis
1198 1334 1398 1397 transmutati
1413 1334 1498 1414 locis,

204 1453 230 1497 16
243 1445 352 1521 utpote
368 1437 546 1521 aquilonem
568 1441 600 1498 et
619 1433 790 1512 meridiem,
814 1441 917 1497 ortum
940 1440 971 1497 et
991 1453 1143 1497 occasum.
1177 1434 1282 1518 itaque
1303 1436 1416 1519 singuli
1432 1438 1498 1520 qui·
1512 1453 1539 1495 ro

245 1562 305 1625 que
329 1561 436 1604 eorum
458 1537 574 1601 similes
596 1537 677 1600 fiunt
698 1536 747 1600 his
769 1536 809 1600 ad
831 1556 909 1619 quos
930 1535 1129 1600 transmutati
1151 1544 1233 1600 sunt.
1277 1558 1390 1621 magna
1415 1540 1499 1604 enim

244 1642 393 1707 distantia
407 1640 569 1724 Aethiopis
591 1647 623 1703 et
638 1638 757 1722 Scythi,
781 1639 941 1702 etiterum
958 1638 1036 1702 06111
1059 1646 1091 1702 61
1105 1638 1208 1721 Libyis
1224 1638 1354 1723 Indique
1376 1649 1407 1706 et
1422 1643 1499 1707 Ara-

245 1746 306 1809 bis:
330 1745 383 1808 sed
398 1750 501 1807 mutat
517 1748 549 1806 61
564 1741 710 1806 transfert
724 1741 847 1825 temp'us
863 1747 990 1804 naturas
1006 1741 1064 1804 etsi
1079 1741 1209 1806 Graecos
1225 1741 1341 1826 ubique
1356 1744 1499 1810 habitan·

244 1854 305 1911 tes:
329 1846 446 1911 eteuim
466 1845 517 1909 hic
539 1843 672 1907 mutatio
694 1864 757 1907 nen
778 1843 861 1927 prius
883 1843 997 1907 sinitur
1019 1842 1056 1907 ad
1080 1844 1329 1908 conuersationes
1351 1846 1426 1911 fieri.
1461 1870 1498 1912 ex

203 1967 230 2011 15
243 1952 291 2016 his
314 1950 420 2034 itaque
443 1946 586 2012 omnibus
608 1946 809 2009 manifestum
833 1945 986 2029 quemodo
1010 1953 1121 2009 natura
1143 1946 1222 2010 bene
1245 1948 1378 2012 formata
1400 1957 1431 2014 et
1452 1944 1520 2015 se'

244 2052 381 2119 eundum
408 2071 535 2135 corpora
561 2056 592 2113 et
617 2048 742 2113 animae
769 2047 963 2132 operationes
989 2053 1020 2112 et
1047 2048 1196 2125 uirtutes,
1223 2052 1499 2117 transmutationes
1512 2071 1540 2112 ao

244 2176 318 2220 uero
342 2176 396 2239 per
410 2153 549 2236 regiones
563 2152 701 2235 singulas
722 2149 870 2234 temporis
892 2149 1017 2234 quidem
1034 2149 1174 2233 indigent
1189 2153 1403 2218 conuenientia
1425 2155 1499 2220 locis

246 2279 307 2322 nen
331 2264 465 2333 tantum,
488 2254 589 2320 sedet
610 2253 786 2318 resessionis
808 2252 841 2315 in
857 2252 994 2316 locemm
1018 2253 1155 2337 propria:
1180 2255 1218 2318 eb
1234 2254 1291 2319 hoc
1314 2257 1409 2320 etiam
1432 2259 1499 2341 qui·

243 2362 315 2425 dam
340 2360 480 2444 priorum
502 2358 535 2421 in
558 2357 603 2421 ais
625 2362 754 2419 manent
780 2362 812 2419 et
831 2355 956 2419 saluant
977 2356 1101 2419 formas.
1146 2356 1282 2440 optimus
1304 2366 1408 2423 autem
1436 2383 1500 2425 em·

203 2480 232 2525 ao
245 2465 333 2528 nium
354 2461 575 2546 Hippocrates,
601 2458 723 2543 sapiens
749 2446 920 2522 medicinae
942 2458 1139 2539 notitiarum,
1166 2459 1290 2524 disserit
1316 2460 1354 2525 de
1384 2462 1500 2527 talibus

244 2567 277 2631 in
300 2565 348 2629 his
371 2585 451 2648 quae
474 2562 519 2627 ait
541 2562 579 2626 da
601 2582 686 2639 6616,
707 2559 797 2640 16616,
820 2560 922 2644 aquis,
945 2581 1071 2624 causam
1094 2582 1159 2626 esse
1182 2561 1287 2627 dicens
1308 2564 1499 2630 differentiae

245 2689 367 2732 morum
390 2671 421 2730 et
442 2664 605 2729 medorum
627 2662 911 2746 magnitudinisque
933 2667 966 2726 61
987 2664 1104 2728 formae
1127 2671 1336 2749 etcorporum
1358 2669 1500 2732 crassitu-

245 2771 341 2851 dinis,
363 2788 531 2851 eorumque
554 2772 728 2850 quaesunt
750 2786 806 2849 per
826 2786 1070 2849 unumquenque
1093 2786 1180 2848 aera,
1204 2773 1236 2831 et
1257 2768 1425 2834 mixturam
1446 2770 1499 2835 ho·
1512 2787 1542 2830 ao

244 2894 364 2951 rarum,
391 2871 536 2953 locosque
559 2874 590 2932 et
612 2889 762 2951 aquarum
785 2866 969 2951 qualitatem
995 2874 1027 2932 et
1049 2867 1129 2932 circa
1156 2869 1296 2934 homines
1323 2879 1354 2936 et
1381 2873 1501 2957 reliqua

204 2993 232 3037 25
245 2974 396 3041 animalia
417 2981 449 3037 et
467 2972 607 3056 germina
628 2979 660 3035 61
681 2971 801 3035 semina
823 2977 855 3034 61
875 2971 1000 3034 6166166
1024 2972 1217 3036 nascentium
1240 2975 1498 3061 unumquodque:

247 3102 284 3145 ex
311 3078 450 3142 mixtura
476 3075 560 3139 enim
587 3075 666 3139 aeris
693 3082 725 3138 61
746 3073 883 3138 lecomm
911 3080 942 3137 et
968 3095 1118 3157 aquarum
1148 3096 1262 3159 paruae
1288 3085 1344 3141 aut
1372 3100 1500 3161 magnae

247 3184 328 3247 fiunt
348 3179 547 3244 mutationes.

194 3422 226 3475 21
247 3421 280 3474 61.
298 3421 469 3489 Hippocrates
488 3420 544 3491 περὶ
562 3418 643 3488 ἀέρων
661 3415 760 3469 ὑδάτων
778 3414 865 3468 τόπων
883 3416 1010 3486 612666.
1030 3417 1086 3484 (12
1106 3434 1130 3485 p.
1141 3417 1237 3488 frfsqq.
1255 3418 1350 3487 Littrd)

197 3647 208 3698 1
237 3650 283 3698 aut
299 3642 382 3714 prius]
403 3650 428 3697 61
449 3645 482 3695 (1¹¹
594 3643 610 3697 3
636 3662 723 3710 graece
737 3645 803 3709 sorr.
822 3641 1012 3714 μεταβληθέντα
1030 3643 1056 3697 δέ
1075 3664 1129 3697 τινα
1148 3651 1201 3698 τῶν
1219 3647 1294 3716 ζῴων
1313 3647 1347 3705 εἰς
1365 3648 1450 3720 ἑτέρας
1467 3648 1554 3723 χώρας

194 3733 256 3790 ἴσως
268 3733 313 3801 μὲν
333 3730 440 3800 διαμένει
458 3732 501 3783 acl
519 3730 643 3801 τρέφεται,
662 3729 723 3788 ἴσως
740 3728 764 3781 δ’
780 3729 905 3783 ἐνδίδωσιν
929 3730 1013 3784 οὐκέτι
1031 3732 1157 3804 ἀρκοῦντα
1175 3737 1208 3804 τῇ
1226 3738 1273 3804 τῆς
1285 3734 1427 3806 μεταβολῆς
1444 3738 1554 3809 περισσό-

195 3839 253 3892 τητι
271 3819 415 3892 (darioque)
503 3816 702 3886 dpermanent]
722 3819 832 3887 parma(
868 3818 922 3885 )0
1011 3819 1200 3873 511161611οαί6
1212 3822 1404 3892 superfluitate]
1424 3825 1457 3876 ad
1470 3831 1553 3878 muta·

195 3962 278 4015 tionis
296 3958 502 4029 superfluitatem
526 3959 560 4007 01
666 3908 950 4026 66661111661661160
1059 3960 1325 4014 76616161166610
1431 3963 1553 4034 8prop-

195 4053 265 4102 terea
284 4045 341 4116 616]
358 4066 446 4112 gruere
460 4048 524 4111 sorr,
543 4044 580 4098 διὸ
599 4051 642 4099 καὶ
661 4045 755 4116 ταΰτην
772 4046 837 4103 τινὲς
853 4046 900 4116 τὴν
917 4045 998 4098 αἰτίαν
1017 4045 1172 4118 εὑρίσκονται
1284 4049 1317 4102 10
1339 4052 1482 4117 meridiem]
1501 4069 1553 4106 me·

196 4135 285 4201 111116(
321 4124 375 4200 )’0
477 4134 770 4200 11611611-()-6610
875 4133 905 4186 12
924 4133 1062 4203 distantia]
1082 4135 1194 4202 1116166(
1230 4137 1285 4203 )0
1383 4137 1485 4209 Scythi]
1505 4141 1553 4193 te.

194 4219 298 4274 26111166
412 4218 489 4288 Celti]
509 4216 848 4274 ι’.6.1(ελτ6ὓνεὶ1(έλτον
965 4221 1068 4290 Libris]
1086 4223 1153 4276 libes
1174 4224 1222 4275 G¹r
1246 4224 1330 4291 lybies
1351 4225 1398 4277 0²:
1416 4227 1494 4279 libies
1514 4227 1554 4279 II:

194 4310 266 4363 libiis
287 4309 343 4360 OM
428 4307 535 4376 Arabis]
554 4309 640 4374 arab·(
676 4307 729 4374 )0
815 4308 847 4361 13
865 4310 913 4361 6161
932 4309 1045 4363 0166666
1064 4308 1120 4378 eta]
1140 4329 1229 4378 graece
1242 4314 1307 4377 sorr.
1325 4311 1374 4365 adv
1392 4313 1413 4367 rl
1426 4311 1554 4385 Ἕλληνας

190 4395 352 4466 ,0666116611
370 4395 503 4452 οἰκοῦντας
520 4388 659 4463 (καλοῦμεν
676 4393 792 4460 aluredo:
811 4407 892 4447 cetera
911 4414 957 4445 non
975 4397 1077 4462 expedio
1130 4402 1133 4408 '
1178 4400 1312 4467 grecosG
1422 4401 1454 4454 18
1471 4418 1554 4455 reces-

194 4484 278 4538 sionis
300 4483 384 4534 CHM
485 4484 601 4550 propria]
620 4484 691 4551 pre(
727 4483 780 4549 )0
890 4483 921 4535 19
940 4485 1052 4552 optimas
1073 4485 1107 4536 6¹
1214 4485 1493 4555 2011116661616601

194 4570 351 4639 medicinae]
371 4570 434 4636 me(
470 4570 551 4636 )-60
667 4570 1140 4641 2166616666666166661116666Η
1175 4572 1331 4638 )-166660
1429 4575 1463 4628 22
1483 4592 1554 4645 mag-

194 4659 378 4727 niludinisque
396 4663 422 4711 61
439 4656 549 4726 formae]
569 4657 651 4726 mag(
687 4657 797 4725 )-orrnae
818 4658 841 4708 0
946 4658 979 4710 24
999 4658 1120 4728 locosque
1141 4659 1189 4712 G’:
1209 4661 1326 4729 locisque
1346 4662 1471 4714 010οΜ

195 4742 391 4814 qualitatem](
425 4745 607 4814 )-6111616160
714 4745 748 4799 25
766 4744 894 4815 germina]
913 4745 982 4813 ger(
1017 4746 1071 4812 )0
1178 4748 1309 4816 266116(
1344 4750 1440 4818 )·160

195 4848 306 4902 magnae
324 4831 402 4902 116111]
422 4835 504 4902 mag(
539 4833 607 4901 )·e(
642 4833 696 4901 )-nt
717 4834 739 4885 0
