3510 5610
286 373 293 385 ι
328 297 580 350 ARISTOPHANIS
600 296 783 349 HISTORIAF.
805 296 994 349 ANIMALIUM
1017 297 1162 349 EPITOME
1182 297 1192 348 Ι
1211 294 1244 346 36
1425 297 1464 364 ,9

160 474 209 535 καὶ
225 474 350 555 κάμπαι,
373 471 406 535 ἐκ
428 472 460 534 δὲ
476 475 526 533 τοῦ
549 473 640 554 κηροῦ
656 454 683 533 οἱ
698 471 852 555 κηροδύται
875 471 1033 555 λεγόμενοι,
1056 471 1089 535 ἐκ
1113 472 1144 535 δὲ
1165 477 1218 556 τῆς
1240 470 1412 555 ἀγρώστεως
1423 476 1456 532 22

160 578 189 637 οἱ
213 574 369 660 κρότωνες,
398 574 431 637 ἐκ
453 574 485 636 δὲ
507 579 564 636 τῶν
587 574 671 658 ἐρίων
695 575 722 636 οἱ
745 578 840 657 σήτες.
885 575 919 637 ἐκ
941 576 973 637 δὲ
995 578 1052 637 τῶν
1076 577 1278 657 καμπῶν”τῶν
1302 573 1331 635 ἐν
1354 576 1413 639 τοῖς

162 678 321 762 ἐρεβίνθοις
350 676 424 741 κατὰ
454 677 731 761 μετασχηματισμδν
761 678 790 740 αἱ
820 677 972 760 λεγόμεναι
1002 679 1093 762 ψυχαὶ
1127 678 1174 739 καὶ
1203 676 1239 739 τά
1272 675 1411 759 λεγόμενα
1428 690 1453 732 ¹⁵

160 781 249 865 πηνία
275 782 323 844 κοιλ
353 780 444 863 ύπερα
472 781 518 842 καὶ
545 781 575 842 αἱ
602 780 817 863 πυγολαμπίδες
838 781 974 862 γίνονται,
1000 780 1034 843 ἐκ
1056 781 1088 842 δὲ
1109 784 1166 841 τῶν
1189 779 1411 862 πυγολαμπιδων

130 885 187 947 σοί
210 884 367 969 βόστρυχοι
388 881 573 966 καλούμενοι,
601 883 635 944 ἐκ
657 883 689 945 δὲ
711 887 762 945 τοῦ
785 881 965 967 Ευλοφθόρου
990 883 1146 964 λεγομένου
1169 885 1322 966 σκώληκος
1343 904 1412 965 χρυ·

159 987 251 1061 σαλίς,
274 986 308 1049 ἐκ
330 985 362 1049 δὲ
384 989 441 1046 τῶν
464 985 494 1046 ἐν
517 989 577 1055 τοῖς
599 984 693 1054 ἀπίοις
715 987 762 1049 καὶ
786 986 884 1055 σύκοις
904 989 1027 1068 καμπῶν
1050 986 1080 1047 αἱ
1103 985 1281 1069 κανθαρίδες.
1322 984 1355 1046 ἐκ
1380 983 1412 1044 δὲ

159 1093 218 1152 τῶν
243 1089 377 1172 μεγάλων
399 1089 560 1172 σκωλήκων
583 1093 640 1151 τῶν
663 1087 737 1151 κατὰ
758 1094 811 1172 γῆν
834 1088 1039 1173 κεκρυμμένων
1063 1089 1163 1172 κάμπη
1180 1111 1221 1156 τις
1242 1087 1355 1169 γίνεται,
1380 1086 1412 1149 ἐκ
1425 1101 1453 1143 20

160 1194 195 1256 δὲ
217 1192 324 1276 ταύτης
345 1191 475 1254 ἐκδύεται
498 1192 518 1275 ἡ
541 1191 681 1274 λεγομένη
705 1191 858 1277 βομβυλίς,
887 1190 1198 1276 μετασχηματιζομένη
1222 1191 1253 1253 δὲ
1279 1190 1352 1273 αύτη
1375 1190 1412 1273 γί-

104 1312 155 1356 ter
169 1319 248 1358 νεται
266 1296 282 1357 ό
298 1293 451 1377 λεγόμενος
470 1294 624 1363 νεκύδαλυς
639 1295 765 1378 σκώληξ,
787 1295 816 1365 ἐξ
831 1293 866 1358 ού
889 1292 1130 1378 αἰναπηνιζόμεναι
1152 1296 1181 1357 αί
1203 1291 1206 1379 ]
1227 1298 1357 1377 γυναῖκες
1377 1292 1413 1355 τὰ

119 1416 147 1460 ιυ
161 1399 321 1486 βομβύκινα
344 1395 495 1483 ἐπιβόλαια
517 1397 693 1482 ὑφαίνουσιν.
738 1397 771 1461 ἐκ
793 1399 826 1461 δὲ
847 1404 904 1461 τῶν
927 1398 957 1460 ἐν
979 1401 1039 1467 τοῖς
1061 1396 1154 1466 ξύλοις
1177 1394 1412 1460 καταδεδυκότων

161 1503 323 1586 σκωλήκων
339 1501 366 1563 οί
381 1499 531 1584 λεγόμενοι
546 1502 699 1587 καράμβιυι
715 1501 846 1584 γίνονται,
866 1501 900 1564 ἐκ
915 1502 947 1564 δὲ
961 1505 1019 1564 τῶν
1036 1500 1162 1586 σίμβλων
1179 1499 1413 1585 πρασοκουριδες,
1427 1514 1454 1556 νο

108 1719 119 1769 1
149 1718 180 1769 ἐκ
203 1716 229 1768 δὲ
252 1719 296 1767 τού
321 1712 413 1784 κηροῦ]
439 1714 517 1766 Arist.
536 1713 595 1765 hist.
612 1712 726 1769 animi)
748 1731 773 1783 p.
787 1714 878 1768 557b6
904 1716 947 1766 καὶ
972 1714 998 1766 έν
1022 1717 1095 1783 κηρῷ
1119 1713 1145 1765 δέ
1169 1714 1259 1783 γίνεται
1284 1713 1466 1784 παλαιουμένιμ,

104 1804 192 1875 ὥσπερ
211 1805 236 1856 ἐν
255 1802 330 1871 ξύλῳ,
349 1802 423 1871 ζῷον,
441 1799 455 1852 δ
471 1800 502 1869 δή
520 1800 590 1853 δοκεῖ
606 1801 736 1871 ἐλάχιστον
748 1803 808 1855 εἷναι
819 1810 871 1854 τῶν
885 1803 957 1872 ζώων
975 1803 1075 1854 πάντων
1094 1803 1137 1854 καλ
1150 1800 1260 1853 καλεῖται
1279 1801 1361 1871 άκαρί,
1379 1801 1467 1854 λευκὸν

104 1895 150 1944 καὶ
169 1891 266 1961 μικρόν.
291 1890 323 1942 cf.
336 1890 397 1942 hist.
410 1889 489 1941 anim.
503 1885 523 1941 Θ
538 1888 570 1939 97
590 1906 615 1958 p.
631 1889 720 1942 605129
741 1887 798 1942 140
817 1890 868 1958 μθ
888 1887 945 1942 140
964 1906 988 1958 p.
1000 1889 1117 1941 626b17.
1147 1889 1261 1941 neminis
1274 1888 1410 1959 κηροδύται
1421 1906 1466 1942 ne·

106 1997 158 2048 que
177 1980 247 2048 apud
266 1977 432 2031 Aristotelem
453 1993 537 2044 neque
555 1979 624 2046 apud
644 1979 709 2030 elios
728 1983 847 2030 auctores
866 1978 895 2029 fit
914 1979 1010 2029 mentio
1137 1964 1180 2028 ’ἐκ
1199 1976 1225 2028 δὲ
1242 1981 1288 2047 τῆς
1306 1976 1466 2047 ἀγρώστεως]

106 2070 188 2120 Arist.
200 2068 262 2119 hist.
275 2066 355 2118 anim.
368 2060 390 2117 Ε
403 2064 434 2116 19
453 2080 478 2131 p.
492 2063 599 2116 552215
621 2066 644 2118 ei
662 2066 687 2118 δὲ
707 2066 831 2135 κρύτωνες
849 2067 955 2134 γίνονται
975 2065 1003 2118 ἐκ
1022 2069 1068 2135 τῆς
1086 2064 1235 2133 ἀγρώστεως
1352 2064 1368 2117 9
1393 2066 1422 2118 ἐκ
1440 2064 1467 2118 δὲ

105 2162 159 2208 τῶν
179 2152 264 2224 ἐρίων]
283 2153 366 2204 Arist.
378 2152 440 2203 hist.
453 2152 532 2204 anim.
546 2148 566 2204 E
579 2152 613 2204 32
632 2170 657 2221 p.
669 2152 759 2206 557b1
779 2152 869 2221 γίνεται
887 2152 913 2205 δέ
931 2152 974 2203 καλ
993 2151 1056 2203 ἄλλα
1075 2151 1191 2222 ζῳδάρια,
1210 2150 1294 2221 ῶσπερ
1313 2151 1405 2223 ἐλέχθη
1424 2153 1467 2205 καὶ

107 2243 239 2312 πρότερον,
263 2241 295 2291 τά
313 2240 358 2307 μίν
377 2239 403 2291 ἐν
421 2238 493 2309 ἐρίοις
512 2241 554 2291 καλ
573 2238 618 2292 δσα
637 2240 663 2300 ἐξ
682 2241 754 2311 ἐρίων
773 2239 850 2303 ἐστίν,
874 2238 924 2290 οἶον
946 2239 968 2290 σί
987 2242 1073 2308 σῆτες,
1097 2240 1119 2290 οἳ
1142 2237 1278 2309 ἐμφύονται
1296 2238 1390 2306 μᾶλλον
1408 2237 1467 2292 όταν

104 2328 262 2399 κονιορτώδη
280 2323 296 2399 η’
316 2326 348 2378 τά
369 2325 422 2396 ἔρια
577 2327 606 2378 ἐκ
625 2327 650 2379 δὲ
669 2334 721 2380 τῶν
740 2324 860 2394 καμπῶν]
879 2327 936 2377 Ael.
950 2326 989 2378 IX
1002 2325 1035 2378 39
1058 2343 1083 2394 p.
1097 2326 1240 2392 9320111.
1259 2327 1285 2379 έν
1303 2344 1330 2396 γε
1348 2328 1467 2397 μήντοῖς

106 2414 241 2488 ἐρεβίνθοις
258 2414 288 2467 τδ
306 2420 359 2466 τῶν
380 2420 497 2482 καμπῶν.
530 2414 609 2466 Arist.
623 2416 683 2467 hist.
697 2411 853 2466 anim.El9
876 2429 900 2480 p.
914 2412 1021 2466 551213
1045 2415 1150 2482 γίνονται
1170 2413 1190 2466 δ’
1205 2415 1230 2466 αί
1250 2416 1295 2482 μὲν
1316 2413 1467 2483 καλούμεναι

106 2505 186 2574 ιβυγαὶ
206 2505 235 2556 ἐκ
253 2510 307 2555 τῶν
325 2506 435 2570 καμπῶν
554 2502 570 2552 4
594 2503 681 2572 πηνία]
701 2501 781 2554 Arist.
795 2503 855 2554 hist.
869 2503 948 2553 anim.
963 2499 983 2554 E
997 2501 1027 2553 19
1050 2518 1076 2569 p.
1090 2501 1181 2555 55lb5
1204 2501 1310 2570 γίνονται
1328 2502 1354 2555 δὲ
1374 2503 1467 2555 καὶτὰ

104 2591 184 2663 ύπερα
212 2593 256 2643 καλ
279 2591 310 2642 τά
328 2589 404 2659 πηνία
429 2589 458 2641 ἔκ
481 2605 556 2640 τινων
577 2588 697 2641 τοιούτων
721 2588 803 2641 ἄλλων
826 2592 957 2657 (καμπῶν)
1100 2589 1294 2659 πυγολαμπίδες]
1314 2592 1393 2643 Arist.
1405 2591 1466 2643 hist.

107 2681 188 2731 enim.
201 2675 223 2731 E
236 2677 266 2729 19
285 2675 430 2745 p.551b23
449 2677 478 2728 ἐκ
495 2675 521 2728 δέ
540 2675 662 2744 μελαινῶν
679 2683 754 2729 τινῶν
772 2679 816 2730 καὶ
834 2676 937 2730 δασειῶν
955 2677 984 2729 ού
999 2677 1114 2746 μεγάλων
1126 2684 1236 2746 καμπῶν
1249 2684 1348 2748 πρῶτον
1361 2677 1467 2747 γίνονται

105 2765 290 2835 πιγολαμπίδες
308 2767 343 2829 (ν.
356 2765 374 2816 1.
387 2763 569 2834 πυρολαμπίδες
588 2765 672 2829 1³02),
695 2765 742 2835 οὺχ
761 2765 785 2817 αἱ
804 2765 949 2832 πετόμεναι·
975 2764 1047 2818 αύται
1066 2765 1092 2818 δὲ
1111 2765 1182 2818 πάλιν
1206 2764 1399 2834 μεταβάλλουσι,
1424 2766 1467 2817 καὶ

105 2856 215 2924 γίνονται
234 2853 350 2923 πτερωτὰ
368 2853 422 2921 ζιμα
441 2850 465 2911 ἐξ
484 2852 580 2914 αὐτῶν,
604 2853 626 2904 σί
648 2851 797 2921 καλούμενοι
816 2853 948 2922 βόστρυχοι
1088 2852 1105 2905 5
1129 2851 1294 2923 ξυλοφθόρου]
1314 2853 1393 2905 Arist.
1407 2853 1466 2905 hist.

105 2943 187 2994 anim.
201 2939 222 2994 F.
235 2941 269 2993 32
288 2957 314 3009 p.
328 2940 437 2993 557b1‘2
461 2939 512 2992 ἔστι
536 2939 561 2991 δέ
580 2958 604 2991 τι
626 2939 769 3009 σκωλήκιον
791 2939 803 2992 δ
825 2940 936 2993 καλεῖται
956 2938 1108 3011 Ευλοφθύρον
1121 2976 1128 2988 .
1141 2975 1147 2988 .
1161 2976 1168 2989 .
1182 2941 1273 3011 χρόνον
1291 2940 1317 2993 δὲ
1340 2939 1467 3008 προϊόντος

106 3030 199 3098 γίνεται
217 3029 261 3080 καλ
274 3027 345 3086 οὗτος
359 3026 373 3079 δ
385 3026 488 3097 σκώληξ
506 3025 638 3097 γρυσαλλίς
730 3027 745 3079 δ
765 3028 794 3081 ἐκ
813 3027 838 3081 δὲ
856 3034 908 3080 τῶν
921 3029 946 3081 ἐν
964 3035 1015 3086 τοῖς
1033 3028 1124 3097 ἀπίοις]
1143 3029 1224 3081 Arist.
1237 3028 1298 3080 hist.
1311 3023 1422 3081 animAE
1437 3026 1466 3078 19

106 3134 131 3185 p.
145 3115 252 3168 552231
277 3115 302 3167 αί
325 3114 352 3168 δὲ
375 3112 519 3184 κανθαρίδες
543 3114 669 3183 (γίνονται)
693 3115 722 3167 ἐκ
743 3123 795 3168 τῶν
813 3116 872 3187 πρὸς
890 3122 944 3175 ταῖς
962 3123 1048 3174 συκαῖς
1066 3123 1175 3184 καμπῶν
1194 3116 1237 3167 καὶ
1254 3121 1307 3174 ταῖς
1326 3116 1405 3174 ἀπίοις
1423 3115 1467 3167 καὶ

106 3211 161 3262 ταῖς
179 3202 281 3260 πεύκαις
300 3202 371 3273 (πρὸς
390 3208 449 3254 πᾶσι
467 3203 513 3271 γάρ
532 3201 628 3260 τούτοις
646 3203 752 3271 γίνονται
770 3203 912 3273 σκώληκες)
931 3206 974 3257 καὶ
992 3204 1022 3256 ἐκ
1040 3208 1092 3255 τῶν
1111 3203 1137 3256 έν
1154 3222 1186 3274 τη
1206 3202 1352 3272 κυνακάνθη

106 3291 122 3342 6
147 3293 177 3344 ἐκ
196 3291 222 3343 δὲ
241 3297 292 3342 τῶν
310 3289 436 3359 μεγάλων]
457 3291 537 3341 Arist.
551 3291 611 3342 hist.
624 3292 704 3342 enim.
718 3287 739 3342 E
752 3290 782 3342 19
806 3308 831 3359 p.
845 3291 935 3344 551e9
959 3293 989 3344 ἐκ
1008 3291 1033 3344 δέ
1051 3309 1115 3349 τινος
1138 3289 1272 3359 σκώληκος
1295 3290 1418 3359 μεγάλου,
1441 3289 1468 3349 ὃς

18 3376 26 3391 ’
107 3379 161 3449 ἔχει
184 3379 236 3430 οίον
259 3379 354 3447 κέρατα
377 3379 420 3430 καλ
443 3377 551 3446 διαφέρει
573 3382 625 3428 τῶν
648 3376 745 3443 ἄλλων,
766 3379 857 3447 γίνεται
879 3386 979 3451 πρῶτον
1001 3381 1046 3448 μὲν
1069 3377 1252 3447 μεταβαλόντος
1270 3381 1315 3430 τοῦ
1334 3377 1467 3448 σκώληκος

107 3470 207 3534 κάμπη,
226 3466 309 3517 ἔπειτα
328 3463 461 3534 βομβύλιος
479 3467 514 3527 (ν.
527 3464 544 3515 1.
559 3464 677 3534 βομβυλίς
695 3467 732 3517 A·
747 3466 803 3531 0⁸),
821 3467 851 3520 έκ
869 3467 895 3520 δέ
913 3465 1003 3520 τούτου
1018 3465 1162 3524 νεκύδαλος’
1188 3465 1213 3517 έν
1232 3464 1257 3525 ἓξ
1276 3465 1301 3517 δὲ
1320 3468 1381 3536 μησὶ
1393 3458 1484 3535 μετα-ι

107 3552 193 3622 βάλλει
216 3551 307 3610 ταύτας
328 3553 373 3610 τὰς
397 3553 493 3622 μορφάς
516 3554 603 3610 πάσας.
635 3552 709 3605 ἐκδὲ
730 3552 820 3606 τούτου
841 3561 885 3607 τοῦ
909 3556 974 3627 ζῴου
997 3556 1040 3608 καὶ
1063 3555 1094 3606 τὰ
1117 3552 1241 3623 βυμβύκια
1263 3552 1394 3606 ἀναλύουσι
1415 3560 1468 3606 τῶν

106 3646 233 3710 γυναικῶν
251 3658 313 3698 τινες
332 3640 549 3710 ἀναπηνιζόμεναι,
571 3641 676 3692 κᾶπειτα
695 3641 836 3710 ύφαίνουσιν
944 3641 976 3694 10
999 3642 1028 3695 έκ
1047 3641 1073 3694 δὲ
1091 3648 1143 3694 τῶν
1162 3641 1187 3693 έν
1205 3648 1256 3699 τοῖς
1275 3640 1367 3710 ξύλοις]
1387 3642 1467 3694 Arist.

108 3725 340 3781 hist.ani1n.i]19
362 3744 388 3796 p.
401 3727 510 3780 5511116
533 3729 562 3780 ἐκ
587 3726 613 3780 δὲ
635 3734 687 3779 τῶν
710 3729 853 3799 σκωλήκων
875 3735 927 3782 τῶν
951 3730 976 3782 ἐν
998 3737 1049 3788 τοῖς
1067 3728 1148 3790 ξύλοις
1165 3736 1216 3787 τοῖς
1235 3726 1304 3788 αύοις
1321 3730 1344 3782 ei
1362 3729 1468 3799 κάραβοι

106 3815 351 3885 (ν.1.καριι’βιοιΑιι
369 3815 563 3885 καράμβιοιθν)
586 3815 692 3885 γίνονται
713 3815 756 3868 τὸν
779 3817 854 3892 αύτδν
877 3817 981 3888 τρόπον·
1006 3824 1107 3888 πρῶτον
1130 3819 1175 3886 μὲν
1197 3818 1392 3887 ἀκινητισάντων
1415 3822 1467 3868 τῶν
1505 3876 1509 3887 Ι

107 3903 265 3973 σκωλήκων,
291 3902 344 3955 εἶτα
368 3902 554 3972 περιρραγέντος
580 3906 624 3954 τοῦ
649 3901 771 3972 κελύφους
797 3904 939 3975 ἐξέρχονται
965 3905 987 3958 οἱ
1015 3905 1128 3976 κάραβοι.
1163 3906 1192 3957 έκ
1216 3904 1242 3957 δὲ
1269 3911 1321 3957 τῶν
1348 3903 1466 3973 καράβων

107 3996 143 4054 (ν,
156 3993 173 4042 1.
186 3991 299 4059 σίμβλων
311 3991 348 4042 A·
367 3989 462 4058 σίμδων
474 3989 521 4053 0⁸)
539 3989 645 4058 γίνονται
663 3991 687 4042 ei
706 3992 895 4064 πρασοκουρίδες
913 3996 949 4057 (ν.
961 3994 978 4045 1.
992 3992 1185 4064 πρασουκαρίδες
1205 3994 1252 4058 Ga)
1327 3992 1356 4043 ll
1376 4006 1466 4060 πρασο-
1524 4008 1528 4015 ·

108 4079 232 4148 κοορῶες]
252 4079 283 4131 ef.
297 4077 354 4131 Ael.
366 4078 406 4130 IX
419 4077 452 4129 39
472 4093 497 4145 p.
511 4077 618 4143 ‘232‚‘24.
646 4078 774 4146 Theophr.
787 4080 849 4133 hist.
863 4080 1064 4149 plent.vl15‚4

111 4273 120 4323 1
147 4272 323 4341 άγρόστεωςΡ
428 4271 443 4322 2
467 4277 576 4339 καμπῶν
594 4277 645 4323 τῶν
664 4273 744 4325 Rose:
770 4278 887 4339 καμπῶν,
906 4272 997 4342 λῶγΡ
1104 4273 1120 4326 3
1143 4275 1209 4326 κατὰ
1227 4273 1465 4344 μετασχηματισμδν

109 4361 201 4427 scripsi
220 4359 262 4423 (cf.
275 4358 324 4411 v.8
342 4359 631 4429 μετασχηματιζομένηλτ
654 4361 720 4412 κατὰ
739 4359 911 4431 σχηματισμὸν
928 4360 947 4412 Ρ
1044 4362 1061 4413 4
1080 4363 1124 4414 καὶ
1142 4362 1167 4413 αἱ
1185 4361 1367 4431 πυγολαμπίδες
1384 4363 1465 4415 Rose:

101 4449 150 4498 ,καὶ
172 4445 409 4514 άπυρολαμπίδεςΡ
562 4446 755 4517 πυγολαμπίδων
778 4449 857 4500 Rose:
885 4447 1078 4518 πυρολαμπίδων
1099 4450 1119 4501 Ρ
1270 4448 1286 4501 5
1311 4448 1466 4522 ζυλοφθόρου

109 4535 175 4586 Rose
194 4551 226 4586 ex
246 4535 338 4586 Ariste
363 4533 498 4603 ξυλοφόρου
517 4534 537 4587 Ρ
667 4534 801 4606 σκώληκος
819 4537 899 4588 Rose:
923 4533 1054 4604 σκώληκες
1072 4538 1092 4589 Ρ
1222 4537 1275 4589 5.6
1297 4536 1414 4609 γρυσαλίς
1432 4538 1465 4590 P:

108 4620 240 4690 γρυσαλλίς
258 4622 327 4674 Rose
481 4620 497 4673 6
522 4628 631 4690 καμπῶν
648 4625 755 4691 scripsi:
783 4622 925 4694 καρπῶνΡ
1079 4624 1108 4675 11
1135 4624 1269 4695 καράμβιοι
1287 4626 1379 4694 scripsi
1398 4628 1467 4679 sicui

110 4709 258 4761 Aristotelis
277 4706 327 4760 0⁸:
355 4707 464 4778 κράμβαι
480 4709 515 4761 P:
543 4709 648 4780 κάραβοι
667 4712 735 4764 Rose
893 4709 1005 4778 σίμβλων
1024 4712 1091 4765 Rose
1110 4729 1142 4765 ex
1161 4713 1309 4765 Aristotelis
1327 4713 1376 4765 Αιε
1405 4729 1466 4782 συμ-

110 4796 192 4864 βόλων
210 4797 244 4848 P:
271 4795 360 4848 nescio
378 4811 414 4848 an
432 4797 547 4865 genuine
565 4797 715 4852 Aristotelis
732 4799 809 4852 lectio
827 4798 906 4851 fuerit
924 4797 1034 4851 τεύτλων
1162 4799 1354 4870 πρασοκουρίδες
1373 4802 1466 4869 scripsi

111 4900 141 4936 ex
160 4885 231 4937 Arist
259 4887 285 4936 et
305 4883 373 4935 Αολε
398 4883 583 4954 πρασικουρίδες
601 4885 620 4937 Ρ
