3510 5610
265 292 309 357 98
424 290 676 347 ARISTOPHANIS
694 292 878 346 HISTORIAE
896 291 1089 347 ANIMALIUBI
1108 292 1258 345 ΕΡΙΤΟλῐίδ
1276 292 1301 345 11
1319 291 1468 347 293-305

317 462 399 547 αδτιγῖ
423 470 500 529 σῶον
517 464 575 529 ἀπὸ
598 464 712 535 λέοντος
727 466 880 551 ἐκχωρεῖν.
965 463 1059 548 (294)
1082 467 1200 528 σιτεῖται
1223 465 1256 529 δὲ
1275 464 1291 527 6
1307 464 1382 528 λε’ων
1404 463 1473 529 οἰιδέ
1486 468 1573 529 τούτο

318 565 391 630 εἶναι
415 568 560 653 ῥᾳθυμίας
581 570 693 631 δεῖπνον
715 566 861 651 οἰύμενυς,
887 566 930 630 ὅτι
952 590 984 630 τε
1008 569 1036 631 οί
1059 568 1238 651 θηράσοντες
1261 567 1434 652 ἀφίστανται
1454 568 1540 653 φόβῳ
1563 564 1569 655 Ι

316 674 369 751 τῆς
395 670 498 754 άγρας,
525 673 573 734 καὶ
599 671 643 734 ὅτι
670 670 706 753 δὴ
733 674 819 742 ζῶντι
844 676 886 754 τῷ
914 671 1062 754 θηράματι
1088 676 1211 755 χρῆται,
1239 672 1377 755 πεφυκώς
1398 670 1447 733 αἰεί
1465 688 1623 735 nom-mv

317 770 365 832 τδν
388 774 485 856 νεκρδν
508 774 666 855 ἀτιμάζειν.

289 888 303 932 ⁵
400 875 493 958 (293)
525 873 812 961 Ἀριστοφάνους.
852 869 888 936 Ὁ
911 872 1047 957 αἴλουρύς
1069 874 1129 938 ἐστι
1153 875 1204 958 μὲν
1227 874 1406 959 πολυσχιδὴς
1431 876 1480 939 καί
1502 900 1568 963 καρ-

316 975 473 1060 χαρόδους,
501 981 549 1042 καὶ
576 978 727 1063 πορεύεται
752 976 827 1040 κατὰ
853 977 1013 1061 διάμετρον.
1113 976 1207 1059 (296)
1235 974 1298 1061 ἔχει
1320 976 1353 1039 δέ
1375 976 1411 1039 τὰ
1433 978 1570 1045 ἐντύσθια

317 1077 404 1157 ὅμοια
433 1081 509 1153 κυνί,
540 1084 654 1165 σπλῆνα
681 1081 713 1143 δὲ
741 1081 805 1143 δυσὶ
834 1079 931 1163 λοβοῖς
960 1078 1113 1154 ἐλάττονα,
1143 1081 1192 1143 τὸν
1220 1079 1253 1142 δέ
1282 1078 1429 1161 πνεύμονα
1457 1081 1505 1144 καί
1534 1083 1568 1147 τύ

316 1180 394 1264 ήπαρ
417 1188 477 1252 τοῖς
498 1183 596 1252 αὐτοῖς
617 1183 706 1246 δυσίν.
794 1180 886 1264 (291)
907 1182 1062 1265 αἱμυπυτεῖ
1083 1182 1115 1243 δέ
1138 1183 1185 1244 καὶ
1208 1181 1292 1250 ούτος
1313 1181 1387 1245 κατὰ
1408 1182 1513 1269 φλέβα.

316 1283 408 1366 (298)
436 1284 535 1370 δχεύει
562 1287 594 1348 δὲ
619 1290 715 1348 πᾶσαν
741 1286 819 1368 ὥραν
846 1283 947 1368 ύρθύς,
976 1289 1027 1367 τῆς
1053 1284 1172 1367 θηλείας
1193 1284 1377 1366 ύποτιθείσης
1400 1286 1516 1371 ἑαυτήν.

276 1400 303 1445 10
315 1385 408 1469 (299)
433 1387 533 1450 κύουσι
555 1388 588 1451 δέ
612 1389 660 1451 καὶ
683 1388 810 1450 τίκτουσι
835 1387 936 1456 καθώς
958 1388 1005 1450 καὶ
1027 1387 1055 1448 οἱ
1077 1385 1168 1453 κύνες.
1277 1391 1314 1469 ζή
1339 1387 1372 1449 δέ
1393 1390 1410 1450 6
1432 1386 1570 1475 αἴλουρος

319 1489 353 1552 ού
376 1490 468 1552 πλείω
491 1490 564 1552 ἐτῶν
588 1490 627 1559 ἐξ.

400 1591 493 1675 (300)
526 1591 703 1655 Αἰλιανοδ.
735 1588 799 1655 Ὅτι
820 1594 878 1654 τῶν
901 1591 1042 1674 αἰλούρων
1066 1592 1082 1652 6
1106 1591 1158 1673 μὲν
1181 1589 1270 1675 άρρην
1291 1591 1352 1655 ἐστὶ
1374 1594 1567 1677 λαγνίστατυς,

317 1695 332 1757 6
359 1695 392 1757 δὲ
418 1696 512 1777 θῆλυς
537 1694 719 1779 φιλότεκνος,
746 1693 844 1779 φεύγει
871 1695 904 1756 δὲ
929 1694 981 1777 τὴν
1008 1694 1078 1777 πρδς
1100 1693 1148 1755 τδν
1171 1692 1276 1776 ἄρρενα
1299 1696 1421 1778 ὁμιλίαν.
1465 1697 1568 1781 ἀφίησι

315 1796 370 1879 γὰρ
391 1798 440 1860 τὸν
465 1797 550 1882 θορὸν
574 1796 751 1882 θερμύτατάν
774 1820 805 1860 τε
827 1797 874 1860 καὶ
897 1794 1088 1879 προσεοικότα
1109 1796 1186 1879 πυρί,
1208 1797 1256 1859 καὶ
1278 1796 1352 1859 καίει
1373 1802 1426 1881 τῆς
1448 1798 1570 1883 θηλείας

276 1915 302 1959 15
315 1900 347 1961 τδ
376 1898 492 1983 ἄρθρον.
600 1900 692 1983 (301)
722 1901 738 1963 6
768 1897 817 1962 οὖν
847 1898 937 1982 ἄρρην
966 1900 1002 1961 τὰ
1031 1898 1115 1962 κοινὰ
1143 1899 1228 1961 τέκνα
1257 1898 1364 1961 ἐσθίων
1392 1901 1433 1969 εἰς
1460 1900 1568 1987 ἑτέρων

315 2002 425 2064 παίδων
452 2000 544 2065 πάθον
572 2004 690 2088 κινήσας
715 2002 805 2084 αύτὴν
831 2000 971 2064 ἀπολαύει
995 2004 1078 2064 πολιν
1101 2005 1152 2064 τού
1176 1998 1294 2083 ἔρωτος.
1339 2006 1455 2084 μισούσι
1477 2004 1510 2066 δέ
1531 2004 1569 2067 τὰ

317 2103 447 2188 δυσώδη·
482 2105 526 2167 διὸ
553 2106 601 2167 καὶ
627 2105 663 2168 τὰ
689 2106 800 2168 ἑαυτῶν
827 2106 1028 2189 περιττώματα
1055 2103 1162 2189 βόθρον
1189 2102 1338 2187 ὀρύξαντες
1363 2105 1412 2168 καί
1433 2110 1487 2189 γῆν
1510 2106 1571 2170 ἐπι-

317 2204 453 2289 βαλόντες
475 2208 668 2289 ἀφανίζουσιν.

390 2309 483 2393 (302)
517 2308 578 2373 Ἐκ
604 2315 663 2373 τοῦ
689 2308 877 2391 Τιμοθέου.
922 2308 964 2373 Τδ
989 2308 1147 2392 μυοκτύνον
1169 2310 1248 2371 τουτὶ
1272 2310 1386 2393 θηρίον,
1414 2309 1567 2393 ὃλέγεται
1663 2298 1669 2309 ’

275 2424 303 2468 νυ
316 2407 460 2494 αἴλουρος,
482 2416 542 2481 τοῖς
563 2412 641 2482 ύλοις
665 2414 715 2497 μὲν
737 2411 814 2476 ἔοικε
837 2418 874 2495 τή
898 2414 1048 2495 παρδάλει,
1071 2412 1140 2475 ποσί
1159 2435 1190 2473 τε
1211 2413 1258 2474 καὶ
1282 2411 1391 2492 άλμασι
1413 2415 1461 2476 καὶ
1482 2414 1569 2499 τάχει

316 2520 369 2597 τῆς
391 2514 488 2598 οὐρᾶς,
514 2516 562 2577 οἷα
583 2516 722 2598 στίγματα
745 2515 890 2599 φερούσης
913 2517 1051 2599 μελαυγή.
1097 2515 1228 2598 ἐζήλωκε
1251 2515 1283 2576 δὲ
1306 2515 1389 2577 οὐδὲν
1411 2515 1497 2599 ἧττον
1520 2515 1569 2578 καί

316 2618 348 2679 τὸ
372 2618 499 2680 ποικιλον
523 2616 594 2680 αδτδ
617 2623 669 2701 τῆς
691 2619 791 2700 δορᾶς,
818 2619 893 2699 πλὴν
916 2617 984 2680 ύσον
1008 2618 1024 2679 6
1048 2616 1099 2698 μὲν
1122 2619 1239 2685 κυαναῖς
1262 2618 1378 2702 ρ’βδοις
1399 2618 1461 2680 ἐστὶ
1481 2618 1569 2680 κατά-

314 2740 433 2802 γραφος,
457 2720 476 2801 6
496 2720 528 2781 δέ
550 2721 688 2802 πάρδαλις
711 2721 809 2803 ὥσπερ
825 2720 953 2803 ἀστέρων
976 2719 1090 2788 κύκλοις
1113 2716 1237 2781 ἔστικται
1254 2720 1358 2802 μέλασι
1379 2720 1430 2802 τὴν
1453 2720 1566 2804 χροιάν.

315 2819 400 2903 λύγος
422 2819 471 2883 ούν
494 2819 558 2906 ἔχει
583 2820 669 2884 νύθον
696 2820 771 2884 εἶναί
790 2846 816 2884 τι
837 2823 917 2904 γένος
943 2822 1033 2890 αὐτὰς
1055 2825 1111 2883 τών
1135 2823 1315 2903 παρδάλεων.
1416 2820 1509 2903 (303)
1535 2822 1566 2885 αἱ

274 2937 302 2983 2‘5
314 2928 381 3005 γοῦν
403 2923 512 2986 τούτων
529 2924 644 3007 θήλειαι
659 2924 856 3008 ἀκατάσχετυί
868 2926 924 2988 εἰσι
946 2926 993 2987 καὶ
1009 2924 1140 3007 ἐπίφοροι
1162 2923 1235 3007 πρὸς
1255 2923 1308 3005 τὴν
1325 2923 1407 3006 μίξιν,
1429 2922 1569 3008 πρύτεραί

315 3050 347 3089 τε
369 3030 435 3094 τοὺς
457 3024 576 3110 ἄρρενας
595 3027 636 3095 εἰς
651 3032 735 3090 τούτο
758 3027 958 3110 διερεθίζουσι.
1044 3025 1138 3108 (304)
1159 3027 1234 3108 πλὴν
1258 3024 1341 3094 οὗτος
1364 3026 1415 3108 μὲν
1430 3026 1465 3089 ού
1488 3026 1565 3089 πάνυ

316 3152 342 3192 τι
368 3126 403 3191 δι’
428 3126 538 3213 ἔχθρας
565 3128 670 3211 γίνεται
698 3134 757 3197 τοῖς
788 3131 884 3212 μυσίν·
922 3130 1009 3197 ἄλλος
1036 3128 1068 3191 δέ
1094 3128 1136 3196 τίς
1163 3128 1238 3191 ἐστιν
1266 3127 1377 3212 ἄγριος,
1407 3127 1439 3198 ὃς
1466 3128 1565 3213 νύχιον

317 3232 368 3314 μἐν
396 3232 546 3315 ὑφίσταται
573 3232 694 3306 πλάνον,
721 3232 886 3316 ἀνθρώποις
912 3234 945 3295 δὲ
971 3233 1144 3316 προστυχὼν
1170 3230 1366 3315 ἐφαλλύμενος
1388 3230 1483 3294 αὐτῶν
1505 3236 1567 3302 τοῖς

315 3337 481 3416 προσώποις
496 3333 629 3417 ἀμύσσει.
715 3335 808 3417 (305)
830 3333 893 3420 ἔχει
912 3336 945 3398 δὲ
964 3334 1030 3402 τούς
1049 3333 1219 3417 ὀφθαλμούς
1235 3334 1250 3395 6
1268 3335 1324 3416 θήρ
1340 3334 1567 3418 συμπάσχοντας

274 3440 352 3520 υοτή
377 3438 485 3520 σελήνη
509 3438 555 3499 καὶ
572 3435 653 3506 ὅπως
674 3438 747 3521 αύτη
771 3438 909 3500 διάκειται
925 3440 1058 3520 δηλοῦσιν
1081 3434 1160 3497 ούτοι
1182 3440 1225 3520 τηῖ
1249 3436 1432 3521 βουλομένῳ·
1459 3437 1566 3522 ήβώσα
1653 3428 1656 3433 ’

316 3541 367 3622 μὲν
392 3539 446 3624 γὰρ
469 3540 488 3621 6
511 3539 667 3623 φθίνουσα,
691 3539 778 3603 ύπύτε
800 3541 848 3602 καὶ
870 3540 919 3609 δξύ
942 3541 975 3603 τδ
997 3538 1082 3621 κέρας
1104 3537 1236 3613 ἐκτείνει,
1259 3538 1325 3601 τύτε
1347 3540 1383 3623 δή
1412 3538 1565 3602 συνδιατεί-

261 3696 503 3703 -----——..-—
517 3697 565 3702 ...-
596 3696 628 3702 .-.
643 3696 661 3702 .-

265 3780 277 3830 1
302 3780 413 3843 σιτεῖται]
436 3795 450 3830 ο
468 3778 602 3830 Timotheo
624 3778 693 3829 haud
714 3777 792 3829 dubie
812 3776 993 3828 continuatum
1152 3776 1168 3826 9
1191 3774 1285 3844 δχεύει]
1306 3776 1385 3827 Arist.
1400 3777 1459 3829 hist.
1472 3776 1553 3829 anim.
1565 3772 1617 3829 Ε2

261 3882 287 3934 p.
297 3866 405 3919 540210
423 3866 446 3917 οἱ
464 3865 483 3917 6'
499 3864 608 3936 αθωυροι
625 3863 775 3933 (ὀχεύουσιν)
793 3864 840 3915 οὐκ
858 3863 958 3915 ὄπισθεν
976 3864 1106 3924 συνιόντες,
1124 3861 1202 3915 ἀλλ’ίι
1220 3864 1265 3930 μέν
1283 3862 1365 3931 δρθύς,
1382 3863 1437 3932 ήδὲ
1455 3860 1543 3931 θήλεια
1555 3861 1616 3915 ύπο·

260 3952 356 4024 τίθησιν
375 3953 466 4023 ἑαυτήν
580 3952 612 4005 10
633 3951 730 4019 κύουσι]
751 3953 829 4005 Arist.
846 3952 863 4003 l.
876 3967 898 4002 ι.
911 3949 934 4003 Ζ
947 3950 980 4003 33
999 3968 1025 4019 ρ.
1037 3949 1145 4003 380323
1168 3950 1190 4001 οἱ
1208 3949 1227 4001 6'
1243 3948 1352 4018 αἴλουροι
1369 3950 1413 4002 καὶ
1431 3950 1455 4002 οἱ
1472 3948 1617 4020 ἰχνεύμονας

261 4041 384 4092 τίκτουσιν
402 4039 493 4109 ὅσαπερ
512 4040 555 4091 καί
574 4039 595 4091 υἱ
614 4038 695 4101 κύνες,
713 4040 756 4090 καὶ
774 4040 905 4111 τρέφονται
923 4046 974 4096 τοῖς
992 4038 1087 4095 αύτοῖς·
1113 4040 1174 4098 ζώσι
1192 4037 1218 4089 δέ
1236 4037 1292 4105 περὶ
1310 4038 1354 4105 ἔτη
1373 4035 1398 4097 ἐξ
1520 4036 1553 4089 12
1572 4034 1618 4091 Αἰ·

260 4127 355 4195 λιανού]
375 4128 432 4180 Λοί.
445 4134 499 4179 nat.
512 4128 592 4179 anim.
603 4127 636 4178 Vl
650 4125 682 4177 26
701 4128 736 4193 (ρ.
751 4125 926 4188 131,29-32
944 4126 1046 4187 Πειτίι.)
1184 4124 1215 4177 13
1238 4124 1251 4176 6
1270 4124 1313 4177 ούν
1332 4124 1421 4194 ἄρρην]
1440 4124 1472 4177 cf.
1490 4125 1547 4178 Λελ
1563 4124 1580 4177 1.
1593 4140 1618 4179 υ.

260 4215 342 4268 3127
360 4213 552 4282 (ρ.132,1-7
572 4213 675 4276 Herch.)
784 4212 815 4264 19
835 4214 864 4266 τὸ
883 4213 1032 4281 μυοκτύνον]
1052 4213 1164 4265 Timoth.
1183 4230 1208 4281 μ.
1222 4211 1286 4275 223
1303 4213 1402 4280 Haupt.
1422 4232 1479 4281 ιιεφ,
1495 4212 1543 4274 λς’.
1561 4214 1618 4284 περὶ

260 4302 383 4371 αἰλούρου.
419 4301 456 4355 ύτι
479 4301 492 4353 6
516 4300 628 4371 αἴλουρος
651 4299 665 4352 6
686 4299 817 4367 λεγόμενος
836 4306 893 4370 παρ’
907 4302 966 4371 ἡμῖν
988 4301 1054 4353 κατὰ
1075 4298 1205 4369 συνήθειαν
1228 4299 1349 4369 ῥωμαϊστὶ
1368 4301 1448 4352 κάττα
1466 4299 1563 4369 λέγεται
1580 4300 1618 4359 ιθς

261 4390 290 4442 ἐκ
312 4390 403 4457 μίξεως
422 4388 514 4459 πάρδου
533 4390 627 4456 γένοιτο
645 4389 710 4439 κατά
729 4389 775 4457 τήν
794 4387 888 4457 Λιβύην
1029 4388 1071 4439 24.
1086 4388 1119 4439 23
1141 4389 1166 4439 αἰ
1184 4392 1243 4456 γυύν
1263 4386 1357 4439 τούτων
1375 4386 1485 4457 θήλειαι]
1503 4388 1617 4441 Timoth.

259 4493 285 4545 p.
299 4476 363 4541 22,3
384 4476 481 4547 λέγεται
500 4475 525 4529 δὲ
543 4477 559 4545 ἠ
579 4475 667 4545 θήλεια
686 4478 857 4545 πορνικωτέρα
876 4475 936 4527 εἶναι
954 4477 998 4528 καὶ
1015 4474 1058 4528 τδν
1076 4476 1166 4547 ἄρρενα
1184 4476 1273 4527 σαίνειν
1291 4476 1317 4526 ἐν
1336 4477 1450 4545 συνουσίᾳ

260 4682 397 4751 ’ἰσπλήνα
416 4685 522 4750 scripsi:
546 4682 646 4752 σωλῆνοι
665 4684 686 4734 1)
793 4682 823 4733 12
843 4679 969 4735 ’ἰίιλιανού
989 4682 1066 4749 culpa
1084 4682 1250 4733 fabricatoris
1269 4682 1289 4732 1)
1395 4680 1503 4734 ὅτιτῶν
1521 4682 1618 4735 desunt
1668 4734 1672 4743 ,

260 4771 287 4821 in
308 4770 364 4822 Αυί.
509 4770 543 4821 20
566 4773 638 4839 τάχει
656 4771 707 4822 nisi
729 4771 784 4821 hiat
802 4770 884 4821 oratio
903 4774 1051 4837 corruptum
1198 4769 1231 4821 23
1256 4769 1424 4838 ἀκατάσχετοι
1442 4770 1548 4838 scripsi:
1571 4771 1617 4822 ιιαλ

259 4857 400 4926 άσχετυιί)
524 4857 559 4909 30
581 4854 645 4925 αύτη
664 4857 769 4923 scripsi:
794 4856 859 4925 αύτὴ
880 4858 900 4908 1)
1023 4856 1054 4907 31
1079 4856 1095 4926 6
1116 4856 1221 4922 scripsi:
1246 4856 1260 4924 6
1282 4857 1301 4906 ἰν
