3510 5610
270 342 314 406 20
451 339 703 394 ARISTOPHANIS
721 337 903 394 HISTORIAE
924 338 1113 393 ANIMALIUM
1133 336 1282 393 ΕΡΙΤΟλίθ
1300 339 1311 392 Ι
1331 335 1444 391 68-‘10
1488 336 1492 343 '

322 511 527 598 ἐπεισκρίνεται
550 514 699 598 ὁμολογεῖ,
727 516 759 578 τδ
782 514 814 577 δὲ
836 517 899 582 πῶς
922 513 970 576 καί
993 512 1063 576 πότε
1087 513 1136 576 καί
1158 510 1233 581 τίνος
1254 511 1345 575 αἰτίου
1366 510 1514 595 γινομένου
1537 511 1616 576 ἑκῖθ

322 619 379 679 τῶν
402 615 473 700 Περὶ
495 621 595 702 ψυχῆς
616 638 688 702 ιρησι
710 617 844 700 ληπτέον.
1584 630 1610 673 1⁶

406 719 510 804 Φέρειν
533 719 565 782 δὲ
587 718 707 804 ἄρχεται
734 719 766 781 τδ
793 718 908 803 σπέρμα
935 720 999 802 περὶ
1027 718 1077 788 τὰς
1104 717 1155 781 δόο
1183 718 1346 802 ἑβδομάδας
1367 719 1455 794 ἐτῶν,
1484 718 1513 781 ἐν
1541 711 1567 804 ᾧ

322 818 420 906 χρόνῳ
443 823 491 885 καὶ
513 823 533 906 ἡ
555 823 639 907 φωνὴ
663 822 709 885 ἐπὶ
731 822 764 884 τδ
788 821 941 906 βαρότερον
965 823 1137 907 μεταβάλλει
1160 820 1279 883 καὶτῶν
1304 826 1420 905 μαστῶν
1442 822 1490 883 καί
1514 815 1574 884 τῶν

295 923 437 987 σαίδοίων
466 922 584 1008 ἔπαρσις
610 924 724 1008 γίνεται.
774 926 822 988 καὶ
850 925 914 1008 περὶ
942 925 990 987 τὸν
1017 924 1115 1007 καιρὸν
1142 926 1242 986 τοῦτον
1269 924 1379 1008 ψυχική
1408 946 1448 991 τις
1475 922 1571 992 αὐτοῖς

321 1026 397 1112 λόπη
427 1026 565 1113 ἐντρέχει.
617 1028 682 1111 περὶ
712 1027 745 1090 δὲ
773 1027 821 1090 τδν
854 1026 940 1089 αότδν
974 1025 1078 1111 χρόνον
1112 1026 1160 1088 καί
1192 1028 1254 1095 ταῖς
1288 1025 1419 1109 θηλείαις
1453 1031 1570 1109 μαστῶν
1583 1043 1612 1084 ευ

321 1128 456 1212 ἑπάρσεις
482 1131 531 1193 καὶ
553 1129 736 1213 καταμηνίων
759 1116 954 1214 καταρρήξεις.
1034 1128 1106 1212 (69)
1133 1128 1256 1210 γίνονται
1282 1127 1329 1204 δέ,
1358 1131 1398 1196 ῶς
1424 1133 1570 1211 προεῖπον,

323 1233 370 1295 καί
396 1236 528 1315 γυναῖκες
554 1233 602 1295 καὶ
629 1231 728 1315 ἄνδρες
754 1231 851 1314 ἄγονοι
877 1232 924 1295 διὰ
950 1234 983 1295 τὸ
1006 1231 1199 1316 πεπηρῶσθαι
1221 1228 1296 1293 ἔστιν
1324 1229 1373 1294 ὅτε
1399 1230 1494 1295 αὐτῶν
1520 1233 1569 1295 τδν

320 1334 418 1418 γόνον,
444 1334 512 1398 ὅθεν
535 1336 582 1398 καί
605 1336 789 1418 δοκιμάζεται
811 1335 906 1398 αὐτῶν
928 1336 961 1398 τὸ
985 1333 1113 1418 σπέρμα,
1137 1334 1163 1396 εἰ
1185 1331 1246 1397 ἔστι
1267 1332 1383 1417 γόνιμον
1406 1334 1425 1416 ἢ
1449 1333 1493 1409 οὔ,
1520 1337 1568 1398 τὸν

281 1454 308 1501 10
321 1436 425 1521 τρόπον
448 1442 561 1502 τοῦτον·
595 1442 652 1500 τῶν
677 1439 728 1521 μὲν
751 1437 862 1521 ἀνδρῶν
885 1438 915 1500 ἐν
938 1438 1018 1501 όδατι
1040 1440 1164 1522 χλιαρῷ.
1209 1436 1258 1499 ἐὰν
1284 1436 1338 1520 γὰρ
1366 1437 1453 1499 πεσδν
1476 1437 1516 1505 είς
1537 1438 1570 1499 τδ
1584 1453 1611 1496 εσ

325 1544 401 1626 ὕδωρ
424 1541 556 1626 διαχυθή
580 1541 628 1604 καί
652 1539 809 1623 ἀπόληται,
833 1539 933 1623 ἄγονόν
956 1540 1041 1615 ἐστιν,
1065 1539 1114 1602 ἐὰν
1138 1540 1170 1602 δὲ
1192 1542 1343 1623 συστραφῇ
1365 1540 1413 1601 καί
1435 1540 1465 1602 ἐν
1487 1538 1570 1626 αὐτῷ

321 1650 414 1728 συστῇ
445 1643 573 1729 γόνιμον·
607 1643 640 1705 τδ
670 1643 722 1726 γὰρ
754 1643 935 1726 πεπεμμένον
965 1643 1061 1728 παχό,
1091 1644 1124 1705 τδ
1155 1643 1187 1704 δὲ
1215 1642 1319 1705 λεπτὸν
1349 1640 1490 1717 ἄπεπτον,
1522 1644 1570 1706 καὶ

324 1748 431 1832 θερμὸν
455 1747 506 1831 μὲν
529 1746 561 1809 τδ
584 1746 614 1809 ἐν
637 1745 721 1830 πέψει
742 1744 866 1828 γεγονός,
888 1747 998 1830 ψυχρὸν
1019 1746 1051 1808 δὲ
1070 1744 1102 1807 τδ
1124 1746 1213 1828 μήπω
1236 1744 1428 1827 πεπεμμένον.
1465 1744 1516 1813 τὰς
1535 1746 1568 1808 δὲ

323 1853 458 1933 γυναῖκας
481 1849 668 1931 δοκιμάζουσι
689 1847 874 1933 προσθέμασί
894 1869 978 1925 τισιν,
1002 1849 1061 1911 οἷον
1084 1846 1208 1931 σκόροδα
1230 1848 1421 1930 προσάγοντες
1442 1848 1513 1931 πρὸς
1535 1848 1570 1910 τά

282 1968 309 2013 15
322 1951 452 2036 στόματα
473 1955 530 2015 τῶν
554 1951 693 2035 ὑστερῶν·
728 1948 780 2013 κᾶν
805 1951 856 2034 μὲν
880 1948 934 2033 ἄίη
958 1951 991 2013 τδ
1014 1949 1107 2034 στόμα
1128 1948 1284 2034 χανοόσαις
1306 1950 1353 2012 καί
1376 1951 1403 2012 οἱ
1426 1955 1610 2034 μυκτῆρεςοο

321 2061 371 2121 τοῦ
401 2055 556 2138 σκορόδου,
584 2050 701 2137 γόνιμός
731 2052 822 2128 ἐστιν,
852 2053 877 2115 εί
907 2054 939 2116 δὲ
969 2054 1025 2138 μή,
1055 2051 1157 2136 ἄγονός
1183 2053 1252 2116 ἐστι.
1301 2055 1429 2136 χρῶνται
1458 2053 1490 2116 δὲ
1520 2059 1616 2122 καίθθ

321 2157 423 2226 ἄλλαις
443 2157 631 2240 δοκιμασίαις,
654 2156 688 2225 ἃς
709 2155 743 2218 οδ
765 2156 824 2241 χρὴ
848 2157 1020 2240 συγγράφειν
1043 2153 1256 2241 στοχαζόμενον
1278 2159 1330 2238 τῆς
1353 2155 1514 2237 συντομίας.

320 2260 392 2343 (70)
419 2261 630 2345 μεταβάλλουσι
656 2258 688 2322 δὲ
715 2256 789 2343 (καί)
815 2258 866 2328 τὰς
892 2258 962 2328 ἕξεις
988 2260 1036 2322 καί
1059 2260 1086 2321 οί
1109 2257 1225 2342 ἄρρενες
1247 2258 1294 2320 καί
1316 2258 1346 2320 αἱ
1368 2257 1483 2341 θήλειαι
1505 2262 1570 2346 περὶ

268 2513 284 2566 3
309 2511 402 2585 φέρειν]
422 2516 501 2568 Arist.
513 2516 575 2568 hist.
587 2516 666 2568 anim.
680 2511 728 2567 Hl
748 2530 776 2582 p.
788 2512 896 2567 581212
920 2515 1002 2583 φέρειν
1024 2513 1049 2566 δὲ
1074 2513 1170 2583 σπέρμα
1194 2519 1293 2585 πρῶτον
1316 2512 1418 2583 ἄρχεται
1439 2514 1469 2568 τὸ
1491 2514 1564 2585 ἄρρεν
1586 2515 1622 2575 ῶς

268 2601 308 2654 ἐπὶ
326 2601 354 2655 τὸ
373 2600 436 2654 πολὺ
458 2603 484 2655 ἐν
504 2608 555 2662 τοῖς
578 2602 642 2654 ίτεσι
662 2607 713 2660 τοῖς
734 2600 770 2660 δὶς
791 2601 853 2654 ἑπτά
874 2600 1052 2668 τετελεσμένοις
1193 2599 1247 2653 3.4
1271 2601 1296 2652 ἐν
1314 2597 1335 2669 ᾦ
1354 2601 1448 2671 χρόνῳ]
1467 2604 1547 2655 Arist.
1561 2603 1622 2655 hist.

267 2690 346 2742 anim.
359 2686 408 2742 Hl
428 2705 454 2757 p.
467 2688 575 2742 581·17
598 2690 653 2757 περὶ
674 2687 700 2740 δὲ
721 2687 764 2740 τὸν
784 2688 860 2741 αὺτὸν
881 2688 969 2758 χρόνον
990 2692 1078 2740 τοῦτον
1099 2687 1115 2757 ή
1134 2705 1161 2739 τε
1180 2688 1251 2757 φωνὴ
1274 2687 1437 2757 μεταβάλλειν
1458 2689 1560 2759 ἄρχεται
1582 2691 1622 2743 ἐπὶ

266 2776 296 2829 τό
317 2775 468 2847 τραχύτερον
490 2775 778 2847 (ν.1.βαρότερον1)·)
801 2777 844 2827 καὶ
867 2774 1077 2845 άνωμαλίστερον.
1109 2774 1141 2827 cf.
1158 2774 1248 2827 5811>ss
1273 2776 1316 2826 καί
1336 2775 1352 2845 ή
1372 2776 1444 2846 φωνή
1463 2775 1489 2828 δὲ
1507 2779 1550 2830 καὶ
1568 2784 1622 2836 ταῖς

267 2865 334 2916 παισὶ
352 2863 500 2932 μεταβάλλει
517 2866 574 2935 περὶ
593 2863 635 2916 τὸν
653 2862 742 2933 χρόνον
760 2867 848 2914 τοῦτον
866 2862 906 2915 ἐπὶ
923 2861 953 2914 τὸ
972 2860 1105 2932 βαρότερον
1236 2861 1252 2912 4
1276 2862 1389 2913 καὶτῶν
1408 2862 1521 2932 μαστῶν]
1540 2866 1622 2917 Arist.

267 2952 328 3004 hist.
340 2951 420 3003 anim.
434 2948 482 3004 Hl
502 2966 529 3018 p.
542 2949 649 3003 581227
672 2951 715 3002 καὶ
737 2956 838 3017 μαστῶν
861 2949 961 3020 ἔπαρσις
981 2951 1072 3019 γίνεται
1093 2951 1136 3002 καὶ
1157 2948 1270 3013 αἰδοίων,
1293 2949 1322 3001 οθ
1345 2950 1442 3020 μεγέθει
1463 2950 1537 3018 μόνον
1559 2951 1622 3004 ἀλλὰ

266 3039 310 3090 καὶ
328 3037 392 3090 είδει.
424 3038 551 3107 συμβαίνει
574 3036 600 3090 δὲ
624 3037 678 3106 περὶ
701 3041 789 3089 τοῦτον
810 3036 853 3089 τδν
876 3037 963 3107 χρόνον
986 3044 1036 3095 τοῖς
1053 3056 1081 3089 τε
1103 3039 1263 3105 πειρωμένοις
1285 3036 1411 3106 τρίβεσθαι
1433 3040 1488 3108 περὶ
1511 3037 1557 3108 τήν
1576 3044 1621 3091 τοῦ

267 3127 408 3194 σπέρματος
426 3125 522 3194 πρόεσιν
540 3124 569 3177 αθ
588 3125 664 3193 μόνον
682 3124 773 3196 ἡδονήν
791 3121 900 3195 γίνεσθαι
916 3128 961 3176 τοῦ
980 3127 1119 3193 σπέρματος
1138 3123 1255 3187 ἐξιόντος,
1277 3124 1400 3177 ἀλλὰκαὶ
1419 3124 1499 3196 λόπην

267 3213 283 3266 6
307 3214 363 3285 περί
381 3213 407 3266 δὲ
425 3212 467 3265 τὸν
485 3212 560 3265 αὐτὸν
578 3213 677 3283 χρόνον]
698 3214 778 3265 Arist.
791 3214 851 3265 hist.
864 3213 944 3264 anim.
958 3209 981 3265 H
996 3214 1007 3264 l
1028 3228 1053 3280 p.
1066 3211 1171 3264 581231
1196 3213 1250 3282 περὶ
1271 3212 1314 3265 τὸν
1333 3212 1408 3266 αὐτὸν
1426 3212 1452 3266 δὲ
1471 3213 1560 3283 χρόνον
1578 3215 1622 3266 καὶ

266 3309 317 3360 τοῖς
334 3300 434 3371 θήλεσιν
451 3300 468 3370 ή
486 3300 511 3353 τ’
530 3302 629 3370 ἔπαρσις
647 3301 737 3369 γίνεται
755 3305 806 3352 τῶν
825 3306 927 3367 μαστῶν
946 3301 1038 3352 καὶτὰ
1057 3301 1199 3368 καταμήνια
1217 3298 1358 3368 καλοόμενα
1377 3302 1575 3372 καταρρήγνυται

268 3388 283 3440 7
308 3388 425 3459 γίνονται]
448 3389 528 3441 Arist.
545 3403 631 3457 gener.
648 3389 727 3440 anim.
744 3383 796 3439 B?
819 3402 843 3453 p.
858 3386 964 3439 746b31
990 3385 1089 3444 πολλοῖς
1111 3387 1137 3439 δὲ
1160 3388 1203 3439 καὶ
1225 3385 1326 3444 πολλοῖς
1349 3389 1392 3439 καὶ
1415 3387 1455 3440 διὰ
1478 3389 1622 3459 πηρῶματα
1662 3373 1670 3381 ”

267 3480 341 3528 τοῦτο
364 3475 490 3545 συμβαίνει
512 3474 541 3527 τὸ
564 3472 643 3533 πάθος
666 3473 720 3526 κτλ.
880 3473 895 3524 9
921 3472 990 3542 ὅθεν]
1014 3475 1092 3526 Arist.
1109 3490 1195 3542 gener.
1211 3475 1291 3526 anim.
1309 3471 1361 3526 Βῖ
1383 3492 1409 3542 p.
1423 3475 1513 3528 74723
1536 3476 1620 3546 διόπερ

267 3562 377 3631 εὐλόγως
394 3560 547 3631 βασανίζεται
558 3569 611 3620 ταῖς
624 3561 717 3632 πείραις
734 3561 763 3613 τό
776 3579 803 3629 γε
820 3566 872 3612 τῶν
891 3560 994 3631 ἀνδρῶν,
1012 3561 1033 3613 εί
1044 3561 1140 3630 ἄγονον,
1158 3562 1183 3614 ἐν
1200 3565 1237 3632 τῷ
1254 3560 1335 3613 ὕδατι·
1360 3563 1425 3632 ταχυ
1443 3564 1489 3632 γάρ
1502 3565 1621 3634 διαχεῖται

266 3649 296 3702 τὸ
310 3648 400 3702 λεπτόν
413 3649 456 3701 καί
469 3648 564 3719 ψυχρὸν
577 3648 703 3717 ἐπιπολῆς,
720 3648 750 3701 τὸ
769 3647 795 3700 δὲ
814 3648 914 3717 γόνιμον
930 3648 964 3708 είς
983 3646 1058 3718 βυθὸν
1076 3656 1164 3719 χωρεῖ·
1189 3647 1281 3718 θερμὸν
1300 3650 1344 3716 μὲν
1363 3650 1409 3719 γάρ
1423 3651 1453 3703 τὸ
1466 3653 1621 3719 πεπεμμένον

268 3737 330 3801 ἐστί,
353 3737 475 3790 πέπεπται
492 3737 518 3790 δὲ
536 3737 566 3790 τὸ
585 3736 733 3807 συνεστηκὸς
755 3738 799 3789 καὶ
816 3737 897 3805 πάχος
918 3735 984 3807 ἔχον.
1019 3736 1063 3793 τὰς
1084 3736 1110 3788 δὲ
1128 3744 1244 3805 γυναῖκας
1263 3736 1416 3805 βασανίζουσι
1434 3742 1484 3795 τοῖς
1501 3757 1528 3791 τε
1546 3753 1621 3807 προσ·

266 3822 356 3888 θίτοες,
375 3825 417 3876 ἐὰν
436 3824 576 3878 διικνῶνται
595 3824 620 3876 αί
638 3823 712 3893 ὀσμαί
730 3824 790 3894 πρός
808 3823 836 3876 τὸ
854 3828 950 3890 πνεῦμα
962 3823 991 3875 τό
1004 3818 1093 3891 θόραίε
1107 3823 1221 3876 κάτωθεν
1234 3824 1287 3875 ἄνω
1379 3824 1409 3876 18
1428 3824 1620 3894 μεταβάλλουσι]

267 3913 347 3965 Arist.
360 3912 421 3965 hist.
434 3912 514 3964 anim.
526 3908 574 3964 Η1
595 3928 620 3980 p.
634 3910 744 3964 581b24
767 3909 948 3979 μεταβάλλουσι
965 3909 991 3962 δὲ
1010 3911 1114 3969 καὶτὰς
1133 3911 1192 3971 ἕξεις
1212 3913 1255 3963 καὶ
1274 3911 1305 3963 τά
1324 3912 1413 3980 ἄρρενα
1431 3914 1474 3964 καὶ
1492 3914 1523 3965 τά
1542 3912 1621 3982 θήλεα

267 3999 322 4070 περί
339 4017 367 4051 τε
384 3999 414 4052 τὸ
433 3998 583 4070 ὑγιεινότερα
601 3998 661 4051 εἶναι
679 3999 723 4050 καὶ
738 3998 897 4069 νοσερῶτερα,
916 3998 959 4049 καί
977 3998 1031 4066 περὶ
1043 3999 1090 4067 τὴν
1100 4003 1145 4050 τοῦ
1158 3998 1274 4065 σώματος
1287 3999 1419 4070 ἰσχνότητα
1432 4000 1474 4051 καὶ
1487 3999 1621 4070 παχότητα

267 4089 310 4140 καὶ
332 4086 462 4158 εθτροφίαν
480 4087 545 4156 μετὰ
564 4087 609 4156 γάρ
629 4086 676 4155 τήν
697 4084 762 4155 ἥβην
784 4085 806 4137 οἱ
827 4086 872 4153 μὲν
896 4085 921 4145 ἐξ
944 4085 1034 4155 ἰσχνῶν
1056 4084 1206 4155 παχόνονται
1228 4087 1271 4138 καὶ
1289 4086 1443 4156 θγιεινότεροι
1461 4088 1579 4155 γίνονται,
1598 4088 1621 4139 οἱ

267 4173 293 4227 δὲ
311 4174 464 4227 τοόνανείον·
488 4172 581 4243 δμοίως
599 4173 625 4227 δὲ
643 4177 717 4226 τοῦτο
735 4172 862 4241 συμβαίνει
880 4173 922 4225 καὶ
941 4173 980 4225 ἐπὶ
999 4179 1050 4224 τῶν
1068 4171 1207 4244 παρθένων.
1238 4171 1289 4224 ὅσοι
1308 4174 1352 4241 μὲν
1370 4174 1415 4241 γὰρ
1434 4173 1517 4232 παῖδες
1534 4173 1551 4244 ἢ
1566 4173 1621 4227 όσαι

267 4259 384 4332 παρθένοι
406 4262 609 4332 περιττωματικὰ
631 4261 662 4312 τά
686 4259 791 4328 σώματα
813 4260 892 4330 εἶχον,
915 4263 1160 4331 συναποκρινομίνων
1183 4266 1235 4312 τῶν
1258 4259 1376 4312 τοιοότων
1399 4267 1450 4319 τοῖς
1472 4262 1517 4329 μὲν
1539 4262 1565 4313 ἐν
1582 4265 1621 4331 τῷ

267 4349 388 4419 σπέρματι
404 4353 458 4406 ταῖς
475 4347 496 4399 δ’
511 4347 536 4399 ίν
555 4352 606 4406 τοῖς
624 4348 785 4417 καταμηνίοις
803 4347 949 4418 θγιεινότερα
968 4348 999 4399 τά
1018 4347 1123 4416 σῶματα
1141 4348 1231 4416 γίνεται
1249 4349 1292 4399 καί
1307 4347 1487 4417 εὐτραφίστερα
1505 4346 1621 4408 ἐξίοντων

267 4441 319 4489 τῶν
338 4434 520 4504 ἐμποδιζόντων
538 4437 584 4505 τὴν
602 4433 693 4505 θγίειαν
711 4437 754 4487 καὶ
772 4434 818 4505 τήν
836 4435 943 4504 τροφήν·
969 4432 1021 4488 όσοι
1039 4434 1064 4487 δὲ
1082 4435 1237 4500 τούναντίον,
1261 4435 1389 4506 ἰσχνότερα
1406 4436 1449 4487 καὶ
1466 4434 1620 4506 νοσερῶτερα

269 4578 339 4585 --
349 4578 414 4584 .-...—
428 4577 431 4583 .
440 4578 485 4583 -—
494 4578 498 4583 .
506 4577 668 4584 --.-—.

266 4662 283 4714 4
309 4658 440 4732 βαρίντερον
459 4661 526 4714 Rose
549 4663 593 4724 (ex
614 4661 694 4713 Arist.
712 4676 739 4728 p.
752 4656 843 4712 581¹)ss
865 4657 898 4710 cf.
915 4661 1015 4726 supra):
1040 4657 1184 4731 ίμβρυονΡ
1342 4658 1357 4709 7
1382 4658 1417 4717 ῶς
1439 4658 1565 4728 προεῖπον]
1587 4659 1619 4713 cf.

267 4765 346 4817 supra
363 4748 425 4816 §65
566 4746 597 4798 13
622 4746 718 4816 γεγονὸς
738 4747 816 4799 Rose:
841 4746 987 4814 γεγονῶςΡ
1122 4748 1200 4815 μήπω
1218 4751 1248 4798 ut
1267 4747 1369 4798 videtur
1387 4751 1422 4799 P:
1448 4749 1533 4816 μήπου
1551 4748 1619 4799 Rose

270 4836 301 4889 15
324 4835 472 4906 ιἰστίρωνΡ
600 4834 768 4905 χρνοόσαιςΡ
895 4832 927 4884 18
952 4832 1131 4902 μεταβάλλουσι
1149 4834 1254 4901 scripsi:
1279 4832 1466 4902 μεταβάλλουσι.
1498 4834 1619 4904 μεταβάλ-

267 4922 350 4976 λονται
367 4924 401 4976 P:
426 4923 622 4994 μεταβάλλονται
642 4924 708 4974 Rose
832 4923 875 4973 καὶ
894 4921 983 4973 addidi
1002 4937 1033 4973 ex
1052 4922 1133 4974 Arist.
1149 4920 1258 4974 581¹›24
1278 4921 1310 4973 cf.
1324 4938 1402 4989 supra
