3510 5610
737 302 910 361 PRISGIANI
927 300 1010 359 LYDI

257 473 321 536 ἀλλ’
349 473 507 543 οῦτιιύδως.
552 478 598 538 δεῖ
621 476 674 559 γὰρ
697 478 744 539 καὶ
772 477 807 538 τά
833 477 863 541 ἐν
886 478 962 561 αὐτῇ
991 480 1143 562 πράγματα
1166 479 1328 564 συστυίχως
1355 484 1392 562 τῇ
1416 480 1502 562 ψυχῇ

256 580 341 652 νοεῖν,
366 576 400 639 οὐ
423 582 465 663 τῷ
489 577 561 640 εἶναι
583 579 723 662 νοούμενα
746 579 820 642 ἀλλὰ
843 585 885 665 τῷ
907 585 1043 663 γνωστῶς
1065 581 1204 664 ἐνεργεῖν,
1227 582 1276 645 καὶ
1297 581 1413 663 γνωστὰ
1435 580 1505 643 άπυ·

257 679 413 761 τελούμενα
435 681 508 744 κατὰ
531 679 535 766 Ι
560 681 694 765 δευτέραν
717 683 763 744 καὶ
786 694 944 766 προῖουσαν
967 684 1026 747 άπὸ
1048 689 1100 767 τῆς
1124 682 1223 752 οὐσίας
1249 683 1392 768 ἐνέργειαν
1414 720 1457 729 -
1479 682 1558 746 elme

229 898 242 941 5
257 883 390 966 ἐνεργεῖν,
415 886 489 949 ἀλλὰ
512 889 543 950 τὸ
561 890 612 968 μὲν
629 887 748 969 μύνιμον
770 887 852 949 τὸδὲ
868 888 1128 972 μεταβαλλόμενον,
1152 888 1216 972 περὶ
1232 889 1268 971 δὴ
1284 890 1335 972 τὴν
1359 888 1504 972 μένουσαν

257 990 308 1069 τῆς
335 990 587 1074 μεταβαλλομένης
613 999 783 1072 προϊουσης,
816 988 878 1052 κατ’
912 991 1078 1075 ἀμφοτέρας
1111 995 1162 1074 τῆς
1195 988 1266 1074 ὅλης
1298 992 1506 1076 θεωρουμένης

256 1094 368 1172 ψυχῆς,
392 1093 439 1154 καὶ
461 1092 507 1155 διὰ
530 1096 613 1155 τοῦτο
636 1092 751 1176 ἄρατε
774 1091 915 1176 μενούσης
942 1095 989 1157 καὶ
1013 1093 1279 1178 μεταβαλλομένης·
1313 1095 1361 1156 καὶ
1387 1094 1450 1178 ἅμα
1472 1117 1504 1157 τε

256 1192 302 1253 ἀεὶ
325 1193 497 1277 ἐνεργούσης
519 1195 592 1257 κατὰ
614 1195 666 1276 τὴν
689 1194 806 1279 κρύφιον
836 1196 884 1258 καὶ
907 1201 1028 1280 συμφυῆ
1051 1202 1088 1279 τῇ
1114 1195 1226 1278 μονίμῳ
1252 1196 1337 1280 ούσίᾳι
1359 1196 1503 1279 ἐνέργειαν

257 1295 304 1356 καὶ
328 1296 401 1358 κατὰ
422 1298 474 1380 τὴν
497 1295 553 1365 ἔξω
569 1300 724 1380 προϊοῦσαν
748 1298 795 1359 καὶ
811 1297 1066 1383 μεταβαλλομένην
1082 1299 1174 1381 ζωήν·
1198 1297 1266 1360 ὅταν
1288 1297 1362 1380 αύτὴ
1379 1299 1445 1383 περὶ
1467 1299 1504 1362 τὰ

218 1412 243 1454 ιυ
256 1397 375 1480 δεύτερα
397 1401 445 1461 καὶ
461 1400 580 1483 μεριστά
596 1398 650 1482 ύλη
666 1400 833 1483 στρέφηται,
856 1400 928 1483 πρὸς
947 1405 1036 1463 ταῦτα
1051 1402 1099 1463 καὶ
1114 1400 1294 1484 ἐνεργούσης,
1317 1400 1399 1484 δύξη
1425 1400 1497 1485 μετ’

256 1501 458 1584 αἰσθήσεως
479 1501 643 1586 χρωμένης,
667 1500 732 1564 ἀλλ’
753 1501 787 1563 ού
810 1501 882 1585 πρὸς
904 1502 939 1565 τὰ
962 1503 1111 1587 ἐπιστητά,
1134 1502 1208 1585 άπερ
1230 1503 1266 1567 τὰ
1288 1503 1318 1565 ἐν
1340 1504 1416 1587 αὐτῇ
1441 1504 1502 1567 ἐστι

255 1605 418 1686 πράγματα,
441 1603 509 1667 οὐδὲ
535 1603 577 1667 ἔτι
600 1607 709 1686 μᾶλλον
736 1604 807 1688 πρδς
828 1604 864 1666 τὰ
886 1607 989 1687 νοητά,
1017 1605 1061 1674 οἷς
1082 1604 1129 1667 διὰ
1154 1610 1212 1667 τῶν
1235 1605 1396 1689 ἐπιστητῶν
1420 1606 1504 1669 συνά·

255 1730 354 1769 πτεται
377 1706 451 1769 κατὰ
473 1705 539 1786 μίαν
566 1706 626 1768 οἷον
650 1706 810 1791 συνέχειαν.
855 1708 903 1769 καὶ
927 1707 994 1770 ὅταν
1017 1709 1053 1792 δὴ
1072 1708 1144 1791 πρὸς
1170 1706 1206 1769 τὰ
1228 1706 1258 1769 ἐν
1279 1707 1355 1791 αὐτῇ
1380 1708 1503 1791 μένοντα

254 1810 305 1892 τὴν
328 1808 564 1894 προβεβλημένην
588 1808 836 1891 ἐπανακαλέσηται
858 1812 937 1893 ζωήν
959 1834 991 1873 τε
1013 1812 1060 1873 καὶ
1083 1809 1236 1894 ἐνέργείαν,
1263 1809 1297 1873 ού
1320 1810 1386 1893 περὶ
1408 1810 1503 1871 πάντα

215 1928 240 1971 ιο
255 1913 315 1993 ἅμα
330 1912 448 1997 ἐνεργεῖ,
471 1912 545 1975 ἀλλὰ
560 1915 608 1974 νῦν
633 1910 683 1993 μὲν
699 1913 767 1974 τάδε
782 1916 831 1975 νῦν
847 1913 879 1975 δὲ
893 1911 967 1976 ἄλλα
990 1913 1036 1975 διὰ
1051 1914 1103 1996 τὴν
1120 1912 1254 1996 μεριστὴν
1270 1911 1364 1996 φύσιν.
1458 1910 1500 1975 Τὸ
1521 1930 1538 1984 8

255 2013 304 2078 ούν
327 2015 445 2098 δυνάμει
467 2015 515 2076 καὶ
537 2014 664 2098 ἐνεργείᾳ
689 2013 763 2076 κατὰ
784 2015 837 2096 τὴν
860 2015 1033 2099 μεταβολήν.
1077 2039 1097 2097 η
1120 2014 1188 2077 ὅταν
1213 2015 1253 2097 μὴ
1276 2018 1356 2098 παρῇ
1380 2039 1399 2096 η
1423 2024 1503 2098 προϊ-

254 2123 327 2182 οῦσα
348 2117 476 2201 ἐνέργεια
498 2115 565 2179 καθ’
593 2117 628 2199 ἣν
651 2116 670 2198 ἡ
694 2116 849 2199 ἐπιστήμη,
872 2116 937 2179 τότε
959 2118 1010 2200 τὴν
1033 2117 1139 2200 ταύτης
1160 2117 1354 2201 προβλητικὴν
1377 2117 1430 2200 τὴν
1453 2116 1501 2199 μέ

254 2243 357 2284 νουσαν
379 2218 478 2282 οὐσίαν
501 2220 620 2300 δυνάμει
642 2216 747 2301 φαμέν,
770 2217 858 2282 οὖσαν
881 2220 932 2300 μέν
954 2219 990 2283 τὰ
1013 2221 1176 2302 πράγματα,
1199 2218 1252 2282 ούκ
1274 2220 1446 2302 ἐνεργοῦσαν
1469 2220 1502 2282 δέ

254 2323 327 2386 κατὰ
348 2324 400 2406 τὴν
423 2325 580 2405 προϊοῦσαν
607 2319 757 2404 ἐνέργειαν.
803 2320 856 2384 κᾶν
879 2320 928 2385 οῦν
952 2323 992 2406 μὴ
1015 2324 1108 2385 πάντα
1135 2322 1211 2404 ἅμα,
1241 2322 1345 2385 ἄλλοτε
1371 2323 1403 2385 δὲ
1425 2321 1502 2385 ἄλλα

213 2430 392 2509 υυγινώσκη,
415 2424 448 2487 ού
471 2424 518 2486 διὰ
541 2427 624 2486 τοῦτο
646 2423 694 2485 καὶ
716 2420 791 2486 ἔστιν
814 2423 917 2487 ἄλλοτε
936 2423 1011 2488 ἄλλα
1033 2426 1081 2488 καὶ
1102 2423 1241 2487 οὐδέποτε
1264 2424 1299 2488 τὰ
1320 2423 1404 2499 αύτά,
1428 2422 1501 2486 διύτι

254 2530 288 2592 ού
311 2530 406 2610 πάντη
430 2527 652 2612 μεταβάλλεται,
679 2522 743 2589 ἀλλ’
771 2524 832 2590 ἔστι
853 2551 879 2588 τι
902 2529 949 2590 καὶ
976 2528 1009 2590 τὸ
1032 2528 1116 2609 μένον
1139 2528 1187 2590 ἐπὶ
1209 2532 1261 2610 τῆς
1283 2532 1394 2611 ψυχῆς,
1421 2526 1502 2589 καθὰ

253 2634 299 2695 ἀεὶ
313 2631 433 2715 ἕστηκεν
457 2631 485 2693 ἐν
501 2627 577 2710 αῦτη]
600 2627 636 2690 τὰ
653 2630 813 2711 πράγματα.
848 2631 908 2692 καὶ
929 2630 992 2714 γὰρ
1014 2630 1159 2707 ἄτοπον,
1180 2631 1277 2715 φησίν,
1300 2630 1329 2692 εἰ
1352 2630 1502 2712 δυνάμει

253 2736 312 2818 μὲν
336 2735 380 2796 ὢν
398 2731 503 2816 μηδέν
526 2731 633 2805 ἐστιν,
657 2731 815 2814 ἐνεργείᾳ
838 2733 874 2795 δέ
890 2732 1008 2817 έτερυς
1030 2732 1112 2797 ὅταν
1136 2736 1182 2817 μὴ
1205 2733 1328 2796 ἑαυτὸν
1348 2734 1428 2815 νοη,
1451 2735 1499 2814 τῷ

252 2838 289 2900 δέ
325 2837 408 2900 ἄλλο
443 2835 500 2898 καὶ
530 2832 615 2896 ἄλλο
643 2836 735 2895 νοεῖν
770 2832 940 2898 οὐδέποτε
975 2837 990 2898 δ
1020 2836 1132 2905 αὐτός.
1182 2836 1320 2921 ἄκριτος
1351 2835 1414 2917 γὰρ
1449 2857 1501 2903 τις

211 2941 336 3023 κναῦτη
358 2963 395 3021 γε
417 2939 473 3001 καὶ
496 2935 643 3004 ἄτακτος
665 2961 683 3019 η
707 2935 809 3020 φύσις
836 2974 876 2982 -
903 2937 1005 3021 ἄριστα
1027 2937 1156 3023 ἐλέγχων
1179 2939 1245 3008 τοῦς
1266 2939 1384 3022 δυνάμει
1405 2938 1502 3000 πάντα

252 3044 300 3106 καὶ
329 3041 418 3124 μηδὲν
448 3038 519 3101 εἶναι
545 3036 613 3100 καθ’
641 3039 727 3100 αὑτὸν
754 3037 828 3123 (τὸν)
855 3043 920 3101 νοῦν
948 3040 1181 3123 ὑποτιθεμένους.
1226 3046 1341 3125 πρῶτον
1368 3041 1420 3123 μέν
1443 3041 1499 3123 γὰρ

252 3145 319 3208 ύτοιν
343 3145 383 3227 μ“η
407 3146 460 3224 νοῇ
485 3140 568 3203 οὐδὲν
590 3137 687 3202 ἔσται·
718 3137 817 3203 ἔπειτα
839 3142 871 3204 δὲ
893 3142 940 3204 καὶ
963 3149 1047 3218 νοιῖιν,
1070 3142 1137 3206 ὅταν
1160 3145 1235 3206 ἅλλα
1257 3144 1305 3205 καὶ
1328 3144 1368 3225 μὴ
1392 3142 1498 3205 ἑαυτὸν

251 3255 315 3330 νοῇ.
339 3244 435 3330 ἕτερδν
459 3269 484 3307 τι
506 3241 586 3305 ἔσται
608 3243 656 3305 καὶ
678 3242 731 3304 οὐκ
754 3242 849 3316 αῦτύς,
875 3246 922 3307 καὶ
945 3243 1049 3307 άλλοτε
1071 3244 1159 3315 ἄλλος
1181 3247 1228 3309 καὶ
1251 3246 1297 3307 ἀεὶ
1320 3244 1497 3329 μεταβαλλύ·

253 3374 346 3435 μενος.
381 3348 424 3412 διύ
446 3368 543 3431 φησιν,
566 3344 631 3427 οὐχ
653 3346 743 3407 οῦτω
766 3345 930 3428 ληπτέον,
954 3344 1016 3408 ἀλλ’
1042 3350 1083 3416 (υς
1104 3347 1216 3432 ἐλέχθη
1240 3348 1377 3431 πρότερον
1400 3348 1430 3409 ἐν
1454 3347 1498 3416 οἷς

215 3454 335 3538 ειυηξίου
358 3451 431 3514 κατὰ
451 3448 601 3529 ἀναλογίαν
624 3448 738 3510 ἀκούειν
760 3450 793 3509 τὸ
813 3450 931 3532 δυνάμει
954 3450 1001 3511 καὶ
1017 3450 1153 3533 ἐνεργείᾳ,
1177 3451 1224 3513 καὶ
1247 3451 1287 3533 μὴ
1311 3453 1351 3517 ὡς
1374 3451 1421 3512 ἐπὶ
1445 3454 1497 3532 τῆς

252 3559 322 3641 ῦλης
344 3555 421 3617 ούτω
444 3553 491 3615 καὶ
519 3551 567 3613 ἐπὶ
592 3554 642 3612 τοῦ
670 3555 733 3613 νοῦ·
768 3549 833 3613 τύδε
858 3553 911 3635 γάρ
935 3576 960 3613 τι
988 3551 1059 3613 εἶναι
1084 3554 1132 3613 τδν
1155 3556 1236 3614 νοῦν·
1271 3553 1345 3636 μηδὲ
1374 3553 1431 3635 μὴν
1455 3555 1533 3624 ίυςυ

328 3718 480 3727 ...----.--
495 3717 597 3723 -.—-›

200 3816 232 3867 10
248 3811 320 3882 δύξη]
340 3811 372 3863 cf.
392 3810 500 3862 Aristot.
519 3807 626 3860 423225
646 3808 722 3874 (plat.
742 3807 808 3860 Tim.
827 3807 861 3860 ‘28
873 3808 906 3874 A)

196 4058 212 4107 3
239 4053 316 4122 κατὰ]
335 4053 401 4104 κατὰ
418 4050 464 4120 τὴν
483 4066 504 4101 ιι
640 4050 655 4100 4
684 4049 723 4101 ἐπὶ
742 4066 762 4100 w
782 4048 851 4114 (cum
871 4050 986 4117 Ficino):
1005 4051 1054 4103 ἀπὸ
1073 4052 1147 4103 codd.
1166 4054 1181 4104 b
1322 4048 1495 4119 υύτε-οῦτε]

196 4139 362 4194 οῦδὲ-οῦδὲ
387 4139 455 4203 vulg.
590 4137 606 4188 5
633 4135 664 4205 δὴ
683 4138 790 4205 scripsi:
817 4137 843 4189 δὲ
867 4138 941 4189 codd.
961 4140 990 4191 b:
1017 4140 1062 4206 μὲν
1080 4156 1101 4191 ιν
1241 4142 1257 4189 θ
1284 4139 1327 4190 καὶ
1349 4142 1410 4190 ante
1429 4139 1497 4190 κατὰ

195 4246 245 4281 υιιι.
265 4229 295 4279 λ’
407 4225 422 4276 θ
449 4228 580 4292 περιοῦσαν
599 4223 706 4274 IAM-'1⁸’
820 4227 850 4275 λθ
880 4227 1015 4296 στρέφηται
1034 4244 1066 4277 w:
1086 4227 1216 4297 στρέφεται
1236 4226 1345 4277 ιυιΙιΙ.Ι)
1451 4227 1496 4277 καλ

195 4314 350 4386 ἐνεργούσης]
370 4313 512 4384 ἐνεργούσης
532 4314 561 4362 b:
580 4311 673 4381 ἐνεργεῖ
692 4328 711 4361 ιν
822 4314 846 4363 ll
870 4316 989 4383 χριομένη
1010 4331 1030 4365 w
1139 4314 1170 4365 λῖν
1189 4313 1258 4381 τάδε]
1277 4312 1364 4365 ἐνθάδε
1384 4314 1422 4364 bw

197 4405 229 4454 18
256 4404 300 4471 μὲν
320 4401 355 4452 11:
375 4400 400 4452 δὲ
419 4401 438 4451 L
457 4404 505 4452 cet.
633 4399 666 4448 2⁰
693 4399 804 4469 γινιύσκη
826 4400 911 4452 λ’θινε
931 4402 1046 4469 γινώσκει
1066 4401 1099 4452 Ι,“·’
1117 4407 1165 4452 συί.
1292 4400 1365 4461 αύτά,
1383 4399 1445 4451 διύτι
1463 4399 1494 4451 οῦ

1362 4498 1376 4526 0

195 4543 275 4611 πάντη
294 4555 344 4592 om.
363 4544 426 4591 text.
446 4538 465 4589 l.
545 4535 573 4589 ‘21
597 4539 702 4590 πάντοτε
723 4539 829 4600 λ’(βιινε
849 4539 930 4607 πάντη
952 4540 994 4591 Ι,’·’;
1015 4540 1120 4591 πάντοτέ
1138 4558 1170 4609 τη
1189 4538 1272 4590 MPV:
1290 4540 1395 4591 πάντοτέ
1414 4559 1449 4608 πη
1469 4541 1492 4591 H

195 4630 228 4679 23
256 4631 315 4695 post
333 4624 439 4697 ἐνεργείᾳ
457 4624 516 4676 add.
535 4625 643 4696 ἐνεργείᾳ
663 4625 688 4676 δὲ
708 4624 743 4676 ὧν
762 4625 825 4676 ἐστιν
845 4625 927 4695 ἕτερος
945 4643 962 4676 ιι
986 4628 1090 4692 (part-im
1110 4642 1167 4677 τυιιι
1189 4626 1304 4691 Ρῖιὶυο),
1326 4628 1400 4677 cuins
1419 4628 1491 4679 addi-

194 4716 301 4767 tamenti
321 4715 418 4765 nullum
439 4714 576 4781 vestigium
597 4714 624 4765 in
643 4717 767 4765 contextu
788 4717 910 4779 sequente
998 4717 1056 4780 pust
1075 4713 1156 4784 ἕτερος
1174 4713 1232 4763 add.
1252 4712 1277 4764 δὲ
1296 4730 1317 4764 ιν
1400 4718 1437 4781 τῷ
1457 4732 1491 4765 w:

194 4803 223 4854 τύ
243 4802 316 4855 codd.
423 4801 456 4851 25
485 4800 565 4871 ἄριστ’
587 4800 617 4853 ἄν
636 4801 733 4873 ἐλέγχοι
753 4818 772 4850 ιν
881 4801 913 4850 2θ
942 4799 983 4851 τὸν
1003 4801 1060 4851 aad.
1082 4818 1101 4850 ιι·
1209 4804 1266 4851 νοῦν
1285 4818 1334 4851 υιιι.
1355 4801 1385 4852 L¹

195 4890 228 4941 28
247 4890 289 4940 καὶ
308 4888 379 4955 (ante
398 4887 497 4955 ἄλλοτε)
517 4904 567 4941 om.
585 4889 696 4944 11³1wa
