3510 5610
383 324 635 379 ARISTOPHANIS
653 324 838 379 HISTORIAE
859 324 1054 381 ANffldLmd
1070 324 1220 378 ΕΡΙΤΟΜΕ
1238 326 1262 378 Π
1279 324 1322 378 45.
1336 325 1369 377 46
1512 325 1554 389 45

336 498 408 582 (45)
442 497 513 582 Περὶ
536 498 619 563 ἐνίων
643 498 751 582 ἄπορον
774 498 960 584 παρεχόντων
983 500 1031 561 τδν
1055 498 1123 562 όθεν
1146 500 1317 583 ἐπιρκήκασι
1339 496 1453 583 τρόπον.

330 595 415 678 Ὅτι,
427 601 524 687 φησίν,
547 602 640 670 ἐνίους
658 606 716 665 τῶν
738 602 796 664 ἀπὸ
812 606 866 684 τῆς
887 601 1033 685 θαλάττης
1049 602 1223 685 σιτουμένων
1242 601 1315 686 μετὰ
1330 606 1387 664 τῶν
1402 601 1498 664 ἀλλων

250 703 299 765 καὶ
329 708 414 767 τοῦτο
445 702 524 789 ἔχειν
555 703 781 788 παραδοξότερον
810 704 858 766 καί
888 706 928 773 είς
957 706 1073 788 λογικήν
1104 709 1313 790 καταχωρήσαι
1342 705 1435 768 πίστιν
1466 702 1499 765 οὑ

251 802 359 889 ῥᾴδιον.
404 803 470 869 οὔτε
496 806 550 890 γὰρ
577 807 668 870 πόθεν
696 807 737 875 είς
762 807 810 869 τδν
839 811 951 891 χῶρον,
980 808 1011 870 έν
1038 801 1063 893 ᾧ
1092 808 1232 881 οἰκοῦσιν,
1259 808 1394 891 ἀφίκοντο
1424 805 1499 871 ἔστιν

222 907 404 989 σέπιγνῶναι
425 907 492 972 οὔτε
515 908 604 986 όπως,
627 913 728 994 λισσής
751 911 803 992 μὲν
822 909 928 994 πέτρας
950 909 1063 973 άνωθεν
1086 908 1305 992 ἐπεζευγμένης,
1329 910 1362 972 ἐκ
1378 910 1499 992 πλαγίου

250 1012 283 1074 δὲ
305 1016 441 1097 κρημνῶν
464 1011 685 1099 ἀφαιρουμένων
701 1012 752 1081 τὰς
774 1012 927 1096 παρόδους,
948 1013 1000 1096 τήν
1023 1013 1055 1075 δὲ
1070 1012 1204 1075 ἀπέναντι
1226 1016 1322 1076 πᾶσαν
1345 1013 1499 1096 ὁρίζοντος,

252 1113 340 1177 δκαὶ
362 1118 438 1198 πεζή
462 1114 513 1196 μὲν
536 1115 632 1178 ἐλθεῖν
655 1119 811 1188 παντελῶς,
837 1119 877 1183 ῶς
899 1114 990 1190 εἶπον,
1013 1115 1162 1191 ἀδύνατον,
1184 1116 1313 1200 σχεδίαις
1337 1115 1369 1178 δὲ
1392 1116 1500 1198 δμοίως

250 1217 358 1300 ἀπορίᾳ
373 1222 430 1279 τῶν
453 1214 519 1301 παρ’
537 1218 606 1301 ήμῖν
629 1218 659 1288 ἐξ
675 1217 740 1281 ἴσου
757 1217 874 1301 ἄπορον.
908 1218 1016 1281 τούτων
1039 1218 1072 1281 δὲ
1088 1218 1274 1302 ὑφεστώτων,
1297 1217 1378 1303 φησί,
1401 1219 1499 1281 λοιπδν

250 1320 342 1384 εἰπεῖν
365 1322 406 1388 ῶς
427 1319 587 1401 αὐθιγενεῖς
608 1321 663 1384 είσι
687 1323 802 1405 μνήμην
825 1325 875 1383 τοῦ
897 1325 1015 1405 πρώτου
1038 1321 1202 1404 σπέρματος
1223 1320 1257 1383 οὑ
1280 1319 1430 1405 λαβόντες,
1453 1321 1498 1384 ἀεὶ

211 1437 238 1482 lo
252 1423 285 1485 δὲ
307 1424 485 1507 ὑπάρχοντες
508 1420 540 1484 δν
562 1422 666 1507 τρόπον
689 1420 758 1486 ἔνιοι
780 1428 838 1486 τῶν
861 1423 1046 1506 καλουμένων
1070 1424 1209 1508 ὡρίσαντο
1232 1427 1370 1507 φυσικῶν.

335 1525 406 1608 (46)
428 1521 492 1588 Ὅτι
515 1529 572 1588 τῶν
595 1531 702 1589 στενῶν
719 1524 861 1600 ἐπέκεινα,
884 1527 965 1611 φησί,
988 1532 1045 1591 τῶν
1063 1524 1268 1610 συγκλειόντων
1290 1526 1342 1608 τήν
1359 1525 1498 1610 Ἀραβίαν

249 1628 298 1691 καί
320 1630 372 1711 τήν
394 1627 528 1691 ἀπέναντι
555 1631 655 1713 χῶραν
681 1634 765 1713 νήσοι
791 1633 897 1692 κεῖνται
925 1630 1081 1713 σποράδες,
1109 1629 1237 1692 ταπειναί
1265 1632 1370 1704 πᾶσαι,
1400 1629 1498 1712 μικραὶ

249 1736 293 1815 τῷ
318 1730 448 1813 μεγέθει,
471 1731 504 1794 τδ
526 1731 640 1815 πλῆθος
662 1730 823 1816 ἀμύθητοι,
846 1733 954 1816 καρπὸν
977 1731 1081 1795 οὐδένα
1102 1735 1242 1815 γεννῶσαι
1264 1732 1335 1814 πρδς
1357 1732 1405 1794 τὸν
1428 1730 1498 1816 βίον,

249 1831 318 1897 οὔτε
340 1834 448 1917 ήμερον
470 1831 537 1897 οὔτε
559 1833 671 1918 άγριον,
698 1833 861 1918 ἀπέχουσαι
888 1834 939 1917 μὲν
966 1838 1019 1915 τῆς
1045 1833 1198 1918 εἰρημένης
1222 1834 1341 1918 ήπείρου
1365 1834 1499 1901 σταδίους

208 1939 290 2005 ταῶς
313 1937 522 2021 ἑβδομήκοντα,
548 1935 738 2021 τετραμμέναι
760 1937 793 1999 δὲ
815 1937 886 2022 πρὸς
909 1938 941 1999 τδ
964 1938 1066 1999 δοκοῦν
1089 1936 1212 2020 πέλαγος
1233 1938 1424 2022 παρεκτείνειν
1445 1937 1497 2018 τὴν

247 2038 365 2124 Ἰνδικήν
387 2040 435 2103 καὶ
459 2036 463 2124 Ι
488 2038 660 2123 Γεδρωσίαν.
705 2039 831 2102 ἐνταῦθα
853 2043 931 2122 κῦμα
955 2039 1006 2122 μὲν
1029 2038 1063 2102 od
1085 2039 1203 2121 γίνεται,
1231 2038 1294 2103 ἀλλ’
1315 2040 1390 2126 άλλη
1415 2039 1465 2123 μὲν
1478 2054 1550 2098 καθα

248 2142 340 2226 ἄλλης
369 2141 577 2228 προκαθημένη
607 2143 655 2205 τδν
685 2141 818 2205 κλύδωνα
846 2146 905 2212 τοῖς
934 2142 1123 2227 ἀκρωτηρίοις
1150 2146 1305 2229 λαμβάνει·
1343 2143 1437 2227 ἀέρων
1466 2143 1498 2205 δὲ

249 2246 298 2308 τὸν
325 2245 440 2329 ἄριστον
467 2248 599 2309 δοκοῦσιν
626 2243 714 2330 ἔχειν.
762 2244 866 2313 ταὺτας
892 2243 1041 2328 άνθρωποι
1069 2245 1275 2330 κατανέμονται
1304 2249 1408 2318 ζῶντες
1437 2246 1497 2330 βίον

249 2353 386 2411 τοιοῦτον.
436 2347 466 2410 ἐν
493 2353 536 2433 τῷ
564 2351 721 2432 παρήκοντι
749 2348 877 2429 πελάγει,
905 2353 1009 2432 τραχεῖ
1034 2371 1065 2411 τε
1094 2350 1142 2412 καὶ
1169 2351 1308 2434 χειμερίῳ
1337 2350 1496 2432 ὑπάρχοντι

208 2450 378 2525 κατελείως,
406 2450 511 2532 γίνεται
537 2455 579 2535 τῷ
607 2452 707 2514 πλάτει
735 2451 783 2512 καὶ
811 2453 853 2534 τῷ
881 2448 998 2532 μεγέθει
1019 2451 1132 2534 πλῆθος
1154 2450 1272 2516 άπιστον
1295 2456 1434 2537 χελωνῶν
1463 2451 1497 2519 ἀς

250 2553 404 2622 θαλαττίας
426 2554 531 2622 πάντες
552 2554 714 2636 νομίζομεν.
751 2551 835 2616 αὔται
858 2553 959 2620 νυκτδς
981 2553 1084 2635 μὲνέν
1107 2559 1149 2637 τῷ
1173 2556 1258 2641 βυθηῖ
1282 2555 1426 2638 νέμονται,
1449 2554 1497 2616 καὶ

249 2655 361 2739 ἡμέρας
383 2655 430 2718 διὰ
452 2657 504 2739 τήν
520 2658 549 2719 ἐν
565 2661 627 2725 ταῖς
649 2657 748 2740 νήσοις
769 2655 894 2739 ήσυχίαν
917 2656 965 2718 καὶ
983 2657 1110 2740 γαλήνην
1134 2655 1305 2741 ἀφικόμεναι
1328 2661 1496 2740 κοιμῶνται,

250 2760 296 2821 καὶ
319 2763 403 2821 τοῦτο
419 2764 532 2823 ποιοῦσι
548 2761 619 2843 πρδς
633 2760 682 2822 τδν
698 2760 778 2842 ήλιον
795 2757 945 2842 μετέωροι,
968 2763 1031 2827 ταῖς
1047 2759 1324 2844 κατεσκευασμέναις
1339 2759 1494 2844 πορθμίσιν

250 2861 449 2944 ὁμοιοπαθεῖς.
493 2863 597 2931 ταύτας
619 2861 682 2925 κατ’
703 2861 795 2924 ἐκεῖνο
818 2865 918 2944 καιροῦ
940 2859 994 2945 (oi)
1015 2862 1168 2946 ἐπιχώριοι
1189 2861 1279 2946 τέχνη
1307 2864 1354 2925 καὶ
1381 2864 1495 2945 σπουδή

210 2978 236 3022 25
249 2966 296 3027 καὶ
318 2965 465 3049 μερίμναις
487 2966 528 3034 είς
549 2967 601 3049 τήν
624 2965 730 3049 χέρσον
754 2962 938 3048 ἐκβαλόντες,
966 2963 1002 3025 τά
1029 2965 1081 3046 μὲν
1108 2965 1188 3033 ἐντός
1214 2964 1326 3027 ἅπαντα
1353 2969 1496 3028 σιτοῦνται

249 3067 359 3153 βραχὺν
382 3068 617 3152 παροπτήσαντες
636 3067 667 3130 ἐν
689 3070 733 3150 τῷ
756 3065 880 3149 καόματι
901 3064 1015 3151 χρόνον,
1040 3072 1098 3135 τοῖς
1120 3067 1152 3129 δὲ
1175 3066 1271 3130 κότεσι
1294 3071 1422 3152 χρῶνται
1444 3067 1495 3135 τὰς

200 3339 895 3410 2ἀτι]Αριιό1ι.αρυι1Ρ1]ο1.Βὶδ1.ρ.451ν4-16.
923 3340 955 3393 oi.
972 3340 1046 3393 Diod.
1060 3340 1142 3392 11120
1251 3343 1279 3394 11
1305 3340 1549 3411 ότι]Αρα11ι.αραι1

200 3429 269 3482 Phot.
286 3429 355 3482 Bibl.
374 3445 400 3496 p.
413 3428 666 3482 451217-451121.
694 3429 726 3480 oi.
745 3428 978 3481 1)1οι1.81ι.11121

201 3688 210 3737 1
234 3689 270 3757 ερὶ
288 3689 384 3740 omisso
404 3686 425 3741 [Ι
444 3705 460 3741 α
478 3690 636 3743 rubricatoro
655 3689 676 3740 D
811 3687 827 3739 2
851 3686 887 3739 ότι
905 3688 994 3740 Phot.:
1020 3708 1044 3741 τι
1062 3689 1157 3741 omisso
1172 3685 1202 3741 Ὅ
1222 3705 1238 3741 a
1255 3691 1414 3743 rubricatoro
1433 3691 1454 3742 D

199 3774 214 3826 ὑ
235 3775 414 3847 ἐπεζευγμένης
431 3777 519 3829 Phot.:
544 3777 717 3846 ἐπιζευγμένης
736 3777 757 3828 Ι)
891 3775 906 3828 ό
930 3775 1061 3845 παρόδους,
1078 3777 1124 3846 τήν
1143 3776 1168 3828 δὲ
1187 3777 1276 3828 Phot.:
1301 3778 1368 3847 παρὰ
1386 3777 1458 3845 τήνδε
1478 3778 1498 3828 D

199 3866 253 3929 post
281 3868 360 3915 πᾶσαν
389 3879 438 3917 om.
456 3868 501 3917 τοῦ
524 3863 658 3932 πελάγους,
686 3865 755 3932 quod
783 3865 860 3916 habet
884 3864 959 3916 Diod.
979 3865 1000 3916 D
1024 3865 1098 3917 Phot.
1273 3864 1287 3915 7
1316 3863 1396 3917 ἐλθεῖν
1418 3866 1439 3916 Ι)
1462 3865 1550 3917 Phot.:

198 3948 297 4002 διελθεῖν
315 3951 391 4003 Diod.
549 3949 572 4003 δ’
594 3952 669 4004 Phot.
828 3951 844 4003 8
871 3952 933 4021 φησί
953 3952 1041 4004 Phot.:
1070 3953 1169 4021 φασλΙ)
1331 3952 1359 4003 11
1390 3951 1549 4022 ἀρραβίανΙ)

201 4036 228 4089 13
252 4034 379 4107 ἀμὺθητοι
398 4038 484 4091 Phot.:
510 4038 680 4108 ἀμὺθητονί)
843 4040 874 4091 14
899 4039 995 4108 ἄγριον,
1016 4040 1152 4109 ἀπέχουσαι
1171 4041 1257 4092 Phot.:
1283 4039 1360 4109 ἀγιον.
1391 4040 1511 4109 ἀπέχουσι
1530 4040 1550 4090 D

200 4124 227 4176 15
254 4126 421 4194 τετραμμέναι
439 4126 527 4178 Phot.:
553 4126 770 4195 τετραμμέναιςέ)
915 4126 945 4178 16
974 4122 993 4178 Γ
995 4125 1113 4195 εδρωσίαν
1132 4128 1218 4179 Phot.:
1247 4127 1413 4196 γεδρασίανθ

196 4210 257 4281 άλλη
281 4213 327 4280 μὲν
349 4213 371 4264 Ι)
394 4214 482 4265 Phot.:
510 4213 555 4281 μὲν
578 4215 709 4281 expunxit
731 4214 830 4266 Boklior
932 4221 942 4234 ⁸
1008 4213 1039 4266 18
1066 4213 1158 4271 ταῦτας
1180 4214 1202 4265 Ι)
1226 4213 1337 4266 Bekker:
1366 4214 1466 4272 ταὺταις
1490 4214 1550 4266 libri

196 4299 268 4351 Poot.
428 4301 609 4369 κατανέμονται
631 4299 730 4371 ἀριθμῷ
751 4302 797 4370 μὲν
820 4299 873 4370 [οὑ]
897 4299 1045 4371 σὺμμετροι,
1068 4302 1158 4361 ζῶντες
1180 4299 1206 4352 δὲ
1228 4302 1304 4353 Phot.
1464 4302 1495 4354 19
1523 4320 1550 4354 τε

196 4401 243 4439 om.
263 4386 337 4439 Phot.
496 4388 530 4441 20
555 4387 647 4447 τελέως
667 4389 743 4441 Phot.
903 4387 944 4440 21.
964 4387 996 4440 22
1024 4391 1067 4441 καί
1091 4389 1185 4459 ήμέρας
1210 4387 1249 4441 διὰ
1272 4389 1319 4459 τήν
1344 4390 1369 4441 έν
1392 4397 1445 4448 ταῖς
1468 4390 1551 4459 νήσοις

195 4474 297 4545 ήουχίαν
321 4475 364 4526 καὶ
386 4474 496 4546 γαλήνην
518 4475 665 4544 ἀφικόμεναι
683 4477 717 4528 D:
745 4476 839 4546 ἡμέρας
861 4475 888 4528 δέ
911 4477 944 4533 είς
967 4476 1013 4544 τήν
1036 4475 1061 4527 έν
1084 4482 1138 4533 ταῖς
1159 4475 1241 4545 νήσοις
1258 4476 1363 4546 ήσυχίαν
1381 4480 1424 4530 καὶ
1441 4477 1550 4548 γαλήνην
1636 4514 1639 4519 -

194 4561 340 4633 ἀφικόμεναι
362 4562 451 4615 Phot.:
479 4564 524 4622 τὰς
546 4562 570 4615 δ’
591 4563 685 4633 ήμέρας
709 4563 743 4622 είς
765 4563 811 4633 τὴν
835 4564 881 4616 ἀνά
903 4565 978 4631 μέσον
1001 4569 1053 4614 τῶν
1076 4563 1158 4632 νήσων
1180 4562 1307 4616 θάλατταν
1331 4571 1451 4634 φοιτῶσαι
1474 4564 1550 4616 Diod.

196 4648 227 4702 23
250 4650 491 4717 κατεσκευασμέναις
512 4651 532 4702 1)
551 4651 640 4703 Phot.:
665 4652 893 4722 κατεστραμμέναις
910 4650 986 4702 Diod.
1093 4649 1127 4701 24
1150 4650 1242 4710 ταότας
1260 4653 1348 4704 Phot.:
1372 4651 1514 4711 τοὺτουςΙ)
1567 4716 1571 4726 Ι

195 4737 323 4790 ιίαάἀίἀί
341 4754 374 4790 ox
391 4738 465 4790 Phot.
572 4736 605 4789 25
625 4738 751 4807 μερίμναις
769 4740 803 4790 D:
827 4734 957 4809 μιρμίθαις
975 4742 1043 4790 recte
1061 4738 1136 4790 Phot.
1151 4737 1259 4806 μέρμιθα
1277 4739 1352 4790 Diod.
1456 4743 1549 4792 σιτοῦν-

195 4843 233 4877 ται
251 4827 338 4879 Phot.:
364 4827 530 4885 σιτοῦνταςῦ
638 4825 671 4877 ἳό
690 4825 773 4879 κὺτεσι
791 4827 879 4878 Phot.:
903 4823 1041 4877 σκὺτεσιΙ)
1148 4832 1209 4879 anto
1227 4827 1271 4885 τὰς
1291 4827 1368 4880 habet
1386 4827 1447 4900 πρὸς
1466 4828 1550 4894 Diod,

197 4913 240 4966 sod
257 4929 308 4966 om.
327 4914 348 4966 D
368 4914 442 4966 Phot.
