3510 5610
639 325 848 382 SOLUTIONES
867 325 913 380 AD
932 324 1112 380 GHOSROEM
1505 320 1547 387 49

245 500 325 566 tiue:
361 512 452 566 omno
484 501 606 566 animae
633 501 821 587 participans
852 501 962 565 uiuens
989 507 1048 581 θεῖς
1083 521 1173 565 omne
1203 500 1315 564 uiucns
1340 497 1499 584 proprium
1517 508 1564 566 557

245 610 367 667 motum
390 605 568 688 participat:
604 625 694 668 omne
721 604 816 687 igitur
841 604 963 668 animae
985 603 1172 687 participans
1194 603 1355 687 proprium
1376 605 1497 665 motum

247 707 423 790 participat.
466 706 521 771 sed
554 708 702 790 quoniam
734 708 857 771 animae
890 707 969 771 ratio
997 712 1044 770 θεῖ
1068 712 1225 790 praestaro
1251 705 1407 789 propriam
1432 724 1496 767 mo·
1509 717 1537 760 ω

246 809 365 873 tionem
388 809 500 892 quibus
522 810 610 889 assit;
635 831 726 874 omne
748 817 854 874 autem
870 809 952 892 quod
967 807 1125 891 quandam
1140 808 1271 871 sormam
1287 808 1380 872 elficit
1393 807 1497 891 ipsum

218 912 346 997 aprimo
370 918 416 976 θεῖ
438 911 520 995 quod
542 913 800 997 participantibus
821 912 928 976 infert:
963 911 1068 975 anima
1093 910 1188 994 igitur
1214 911 1313 994 primo
1340 915 1386 974 est
1413 906 1495 992 quod

248 994 480 1099 perseipsum
503 1022 656 1080 mouetur.
699 1017 756 1080 hoc
784 1023 889 1079 autem
916 1014 1048 1078 dicimus
1074 1013 1111 1077 de
1137 1014 1205 1077 sola
1230 1012 1386 1077 rationali:
1420 1012 1495 1075 irra-

249 1117 374 1181 tionalis
396 1118 495 1197 enim,
522 1118 615 1211 quasi·
632 1118 830 1202 phantasiam
851 1117 993 1202 propriae
1015 1116 1161 1180 motionis
1182 1116 1312 1194 habens,
1341 1138 1413 1180 cum
1434 1114 1495 1178 alio

247 1227 279 1283 et
301 1240 363 1283 non
384 1240 440 1303 per
461 1226 560 1284 semet
581 1221 683 1304 ipsam
704 1228 751 1285 cst
773 1242 791 1284 a
812 1241 845 1284 se
866 1226 961 1284 mota.
1005 1219 1032 1283 si
1054 1219 1138 1283 enim
1161 1226 1240 1283 θεεθῖ
1266 1240 1320 1303 per
1341 1240 1373 1283 se
1396 1218 1497 1302 ipsam

247 1344 319 1386 ase
342 1329 426 1387 mota
452 1322 529 1386 nihil
557 1323 591 1386 in
617 1322 808 1387 mouendum
833 1344 866 1386 se
893 1323 990 1407 ipsam
1017 1321 1157 1404 indigens
1184 1322 1335 1406 corporiS,
1368 1321 1538 1385 labereta

206 1441 233 1486 ro
246 1433 423 1509 separatam
445 1426 623 1509 corporibus
646 1426 825 1504 essentiam,
852 1425 932 1489 sicut
959 1423 1054 1487 habet
1081 1424 1291 1507 operationem
1312 1429 1496 1509 separatam.

248 1549 339 1592 omne
362 1528 444 1591 enim
469 1527 550 1610 quod
572 1529 638 1591 sins
661 1548 786 1612 corpore
810 1533 963 1611 operatur,
986 1531 1017 1590 θῖ
1039 1546 1163 1609 corpore
1186 1533 1232 1591 θεῖ
1250 1534 1438 1611 separatum,
1459 1533 1496 1590 ut
1514 1539 1564 1597 558

248 1650 310 1694 non
336 1629 419 1713 quod
448 1636 495 1693 est
528 1630 739 1714 inseparatum
773 1629 887 1693 habeat
918 1629 1078 1693 meliorem
1112 1629 1323 1713 operationem
1356 1629 1497 1695 essentia.

248 1754 311 1798 non
333 1733 427 1816 igitur
447 1753 502 1816 per
523 1754 557 1796 se
578 1733 678 1816 ipsam
699 1732 896 1811 irrationalis,
919 1731 973 1795 sed
995 1752 1066 1794 cum
1088 1751 1213 1815 corporo
1236 1740 1282 1798 est
1304 1756 1322 1798 a
1343 1754 1376 1797 εθ
1398 1738 1495 1797 mota:

248 1842 280 1900 θῖ
302 1857 340 1899 ex
362 1855 397 1898 eo
420 1855 490 1918 ergo
513 1835 596 1918 quod
618 1843 724 1898 mouet
751 1856 783 1898 se
811 1835 910 1919 ipsam
937 1832 1096 1898 rationalis
1118 1835 1224 1900 anima
1245 1842 1277 1900 θῖ
1298 1843 1442 1900 mouetur
1464 1835 1497 1898 in

208 1953 280 2003 rose
301 1939 415 2022 ipsam,
443 1959 462 2001 a
482 1958 515 2001 so
537 1945 622 2001 mota
644 1936 815 2021 approbata
836 1943 896 2019 est,
931 1944 962 2001 θῖ
982 1931 1062 2000 ¹nota
1089 1934 1254 2021 figuratius
1281 1938 1322 2003 sit
1344 1945 1376 2003 st
1397 1937 1497 2002 uoluti

249 2039 402 2124 quaedam
424 2040 568 2104 diffinitio
591 2040 686 2124 ipsius
709 2047 765 2120 est,
788 2061 842 2124 par
863 2061 896 2104 εθ
918 2045 1004 2103 mota
1025 2040 1233 2104 subsistentia.
1277 2047 1422 2106 mouetur
1444 2062 1497 2104 au·
1510 2056 1537 2099 εο

249 2149 314 2206 tem
337 2149 369 2206 ot
391 2148 497 2206 mouet
519 2148 550 2206 et
573 2142 748 2226 intelligens
770 2150 802 2206 et
823 2148 960 2206 tractans
982 2148 1014 2206 et
1035 2143 1212 2207 aestimans.
1258 2144 1373 2207 etenim
1395 2150 1497 2208 motus

249 2266 267 2308 a
288 2266 321 2308 se
343 2251 445 2308 motus
466 2236 572 2308 nullus
592 2247 786 2329 passiuorum
809 2252 856 2309 est
877 2250 1035 2308 motuum:
1058 2245 1105 2309 illi
1128 2245 1212 2309 enim
1235 2266 1342 2310 eorum
1363 2267 1443 2329 quae
1458 2246 1497 2311 ab

197 2414 202 2425 ,
249 2347 309 2411 alio
333 2354 498 2411 mouentur
520 2353 606 2432 sunt,⁸
629 2347 679 2411 hic
701 2369 774 2412 ucro
789 2347 1007 2412 subsistentiae
1021 2347 1228 2432 incorporalis.
1273 2356 1416 2412 mouetur
1430 2350 1497 2431 qui-

206 2464 235 2509 ao
248 2448 318 2512 dem
341 2454 372 2512 et
394 2450 427 2512 in
449 2456 552 2513 motus
574 2450 745 2534 corporales
768 2450 926 2514 rationalis
948 2450 1053 2514 anima
1074 2471 1137 2514 non
1159 2452 1367 2535 corporaliter,
1389 2450 1442 2515 sed
1466 2458 1499 2515 et

251 2572 302 2615 eos
323 2572 379 2635 per
400 2573 433 2615 se
454 2552 656 2633 mutabiliter,
679 2558 787 2636 utpote
808 2552 842 2616 in
863 2553 1095 2636 generationem
1117 2558 1149 2617 θῖ
1163 2553 1400 2638 corruptionem,
1423 2576 1495 2638 aug-

248 2660 390 2718 mentum
417 2663 449 2718 et
470 2655 726 2734 minorationem,
759 2664 791 2720 θῖ
822 2656 1027 2720 mutationem
1055 2663 1086 2720 et
1112 2677 1181 2720 eam
1214 2677 1294 2740 quaa
1326 2657 1497 2722 secundum

247 2755 351 2820 locum
373 2763 421 2821 est
441 2757 745 2822 transmotationem:
774 2758 841 2821 fieri
868 2757 951 2822 enim
977 2757 1103 2822 uidetur
1129 2759 1168 2823 ab
1192 2779 1226 2823 θο
1250 2759 1331 2843 quod
1354 2780 1416 2823 non
1440 2767 1495 2842 est,
1509 2775 1538 2818 οο
1597 2801 1603 2812 .

248 2858 479 2942 quodquidam
501 2867 548 2924 est
568 2860 776 2941 sensibilium,
809 2861 843 2925 in
872 2859 906 2924 id
932 2852 1015 2945 quod
1042 2868 1089 2926 est
1115 2862 1236 2946 prolata
1256 2883 1312 2947 per
1333 2863 1499 2927 meliorum

206 2977 235 3022 aa
248 2969 280 3026 et
300 2961 543 3045 intelligibilium
570 2963 715 3027 notitiam
742 2969 774 3026 et
794 2963 1031 3048 susceptionem.
1075 2963 1200 3028 uidetur
1226 2985 1348 3048 quoque
1375 2986 1498 3051 corrup-

247 3065 366 3129 tionem
388 3065 575 3149 participarc
598 3065 637 3129 ab
660 3085 695 3129 θο
719 3066 801 3149 quod
823 3073 870 3129 θεῖ
889 3066 923 3130 ἰε
945 3065 977 3129 id
1000 3066 1082 3149 quod
1104 3087 1167 3131 εοε
1184 3073 1230 3130 θεῖ
1245 3067 1410 3131 translata:
1434 3090 1498 3132 me-

246 3167 359 3231 liomm
394 3167 476 3231 euim
503 3167 649 3231 notitiam
679 3168 780 3251 perdit
811 3168 978 3247 infirmata,
1012 3175 1044 3233 θῖ
1076 3168 1286 3253 corporalibus
1318 3170 1499 3235 criminibus

247 3270 320 3333 data
352 3269 479 3333 uidetur
511 3270 694 3354 participare
727 3291 783 3354 per
815 3271 873 3335 hoc
905 3271 1143 3355 corruptionem.
1187 3272 1276 3355 atqui
1302 3278 1334 3336 et
1361 3273 1440 3337 bono
1468 3280 1500 3338 et

247 3373 352 3457 pulcro
379 3380 411 3435 et
435 3372 570 3456 sapienti
596 3371 727 3437 dicimus
753 3374 857 3456 augeri
885 3374 1007 3438 animae
1037 3374 1160 3439 oculum
1187 3396 1382 3456 conversum3
1416 3376 1498 3439 malo

207 3491 322 3540 souero
337 3483 377 3538 ‘st
396 3474 480 3558 turpi
503 3480 534 3537 et
556 3476 717 3539 contrariis
744 3476 908 3560 corrumpi.
954 3483 986 3540 ot
1011 3477 1236 3541 mutationibus
1262 3476 1416 3557 subsistit,
1443 3498 1500 3562 per
1513 3493 1540 3536 ro

249 3578 402 3643 malitiam
431 3584 462 3639 θῖ
487 3576 637 3640 uirtutem
663 3578 866 3660 qualitatibus
890 3584 1106 3660 transmutata,
1127 3579 1245 3644 locales
1268 3579 1363 3643 etiam
1385 3586 1497 3645 motus.

248 3703 330 3745 nunc
351 3679 475 3763 quidem
499 3679 583 3742 enim
604 3680 637 3742 in
659 3687 741 3744 terra
763 3681 881 3765 corpori
904 3703 974 3746 cum
996 3681 1037 3746 sit
1051 3681 1261 3748 connaturalis
1276 3682 1434 3766 alligatur3
1458 3683 1496 3746 ab

205 3840 214 3856 .
248 3805 283 3848 eo
306 3803 381 3846 uero
404 3781 538 3845 alienata
560 3781 600 3844 ad
622 3781 779 3846 ordinatos
806 3783 834 3846 ei
855 3783 938 3848 locos
965 3783 1054 3847 rodit.
1097 3783 1258 3867 sicigitur
1284 3784 1359 3849 facit
1380 3789 1412 3847 ot
1434 3806 1498 3849 cor-

192 3871 198 3879 ’
248 3885 367 3970 porales
393 3891 496 3947 motus
522 3905 541 3947 a
567 3905 599 3946 se
631 3884 699 3969 ipsa
724 3889 852 3949 motata.
900 3886 1041 3969 sequitur
1066 3894 1172 3951 autem
1203 3887 1344 3971 propriae
1370 3887 1499 3951 rationis

207 3988 417 4078 remotionem
439 3992 471 4050 ct
493 3986 662 4069 perlectum
686 4009 750 4051 esse
772 3993 804 4051 et
825 4009 881 4072 pcr
901 4010 934 4052 εθ
956 3989 1126 4069 sufficiens,
1153 3989 1242 4072 quasi
1267 3989 1381 4053 suimet
1402 3988 1498 4054 solius

238 4093 399 4175 indigens,
422 4108 484 4153 non
506 4095 613 4153 autem
635 4090 772 4170 alterius,
796 4091 836 4155 ad
858 4096 988 4156 motum.

195 4367 378 4439 'tproprieG
448 4369 510 4420 ain
529 4365 685 4421 mouendum
705 4364 840 4435 seipsam]
858 4385 949 4435 graeca
968 4367 1002 4425 εἰς
1020 4366 1138 4420 abacista
1157 4367 1248 4437 ἑαυτήν
1322 4367 1354 4420 18
1372 4367 1552 4420 mortuumG

196 4457 227 4510 21
257 4468 313 4508 aare
331 4472 376 4509 eos
394 4455 457 4506 dirce
477 4456 520 4506 lio.
540 4474 606 4505 eras.
628 4453 651 4504 G
770 4453 804 4507 23
828 4473 919 4520 praece
931 4457 995 4521 sort.
1013 4453 1121 4523 γίνεσθαι
1139 4455 1185 4524 γὰρ
1204 4455 1273 4507 δοκεῖ
1289 4455 1338 4507 ἀπὸ
1355 4458 1399 4507 τοῦ
1418 4454 1454 4523 μὴ
1473 4453 1552 4517 ὄντος,
1646 4458 1650 4466 “

195 4546 308 4598 τουτέστι
330 4549 382 4595 τῶν
401 4539 542 4612 αἰσθητῶν,
565 4542 599 4599 εἰς
617 4540 646 4593 τὸ
665 4538 693 4593 ὃν
712 4542 885 4614 προφερομένη
911 4541 952 4594 διὰ
973 4542 1019 4612 τὴν
1041 4548 1094 4594 τῶν
1112 4542 1261 4614 κρειττόνων
1285 4543 1328 4595 καὶ
1346 4547 1444 4611 νοητῶν
1461 4547 1551 4611 γνῶσιν

195 4633 239 4685 οιαὶ
256 4630 384 4703 ὑποδοχήν
491 4629 524 4683 25
543 4631 734 4697 corruptionem
753 4631 882 4681 Doctior:
901 4631 1094 4698 corruptionum
1117 4629 1204 4681 GHM
1305 4629 1339 4682 36
1357 4641 1430 4680 vacat
1447 4630 1551 4698 spartam

195 4720 267 4770 anias
285 4736 370 4769 verear
391 4716 415 4770 G

251 5015 360 5066 suppiam.
375 5014 460 5055 Aristi
474 5011 488 5053 2
503 5014 625 5052 Priscianus
640 5015 666 5064 1.)
673 5016 719 5053 dua
