3510 5610
738 311 912 369 PRISOIANI
930 310 1013 364 LYDl

252 483 438 568 cipantibuS,
462 488 608 571 quoniam
632 493 663 552 et
684 488 717 552 in
740 488 834 551 domu
856 486 914 549 hoc
934 486 1063 548 fortasse
1084 485 1125 548 sit
1146 505 1209 549 non
1232 483 1400 547 commixta
1415 481 1498 545 aliis:
1518 493 1565 552 511

252 607 289 649 ea
311 589 393 652 enim
415 590 608 654 solummodo
631 591 757 655 habebit
779 610 859 675 quae
880 594 954 652 sunt
975 594 1105 652 naturae
1132 593 1163 651 et
1185 607 1388 670 quaecunque
1411 607 1431 650 a
1452 606 1506 670 pa-

252 689 391 755 rentibus
414 693 534 778 accepit
556 693 777 777 unusquisque,
801 691 873 755 etsi
888 691 1015 775 quidam
1029 691 1140 754 horum
1155 689 1218 754 sint
1231 690 1418 754 uetustiores
1440 709 1462 749 a
1483 709 1505 749 a
1518 703 1547 746 ao

252 797 284 854 et
305 793 399 858 multi
414 795 564 878 originem
579 796 651 859 inde
666 795 793 875 habent,
815 795 912 859 solam
932 794 1089 878 regionem
1111 797 1167 856 aut
1189 792 1284 857 etiam
1307 791 1506 876 disciplinam

224 908 238 951 5
251 896 448 960 nominantes
472 897 559 981 quasi
581 898 654 961 hinc
676 897 871 962 occasionum
894 904 925 961 et
938 897 1093 961 seminum
1108 895 1265 960 naturales
1280 895 1325 959 eis
1339 895 1506 959 insitorum

252 1003 353 1061 motus
375 1005 407 1063 ct
428 1000 553 1063 formas.
596 1001 703 1083 itaque
730 1021 841 1063 causae
867 1000 1075 1065 mutationum
1099 997 1256 1062 naturales
1278 1005 1351 1061 sunt
1374 1005 1406 1061 et
1428 998 1506 1082 poli·

251 1097 342 1178 ticae,
364 1102 404 1165 ad
427 1104 611 1167 uarietatem
633 1103 821 1166 sufficientes
843 1125 898 1187 per
911 1125 944 1167 se
966 1103 1066 1188 ipsam
1088 1101 1214 1186 quidem
1237 1106 1379 1185 utraque,
1402 1100 1505 1165 adhuc

251 1222 325 1265 uero
348 1206 445 1289 magis
467 1228 531 1270 una
552 1206 585 1270 in
607 1206 744 1269 mixtura
765 1205 847 1269 inter
868 1227 900 1270 se
922 1206 1014 1290 ipsas.
1059 1203 1212 1288 acceperit
1234 1210 1266 1267 et
1287 1203 1346 1267 hoc
1368 1205 1437 1289 quis
1459 1203 1505 1267 ibi

251 1303 290 1366 ad
312 1303 531 1373 differentiam:
555 1309 705 1374 alimenta
726 1307 852 1392 quidem
875 1309 958 1372 enim
981 1307 1013 1370 in
1033 1307 1188 1371 montanis
1204 1306 1338 1372 aridiora
1353 1315 1385 1372 et
1399 1307 1505 1370 minus

211 1421 238 1464 10
252 1413 374 1472 terrena
395 1411 462 1476 siue
485 1413 564 1477 bene
586 1412 736 1497 spirantia
758 1411 931 1474 consistunt
957 1416 989 1474 et
1010 1409 1141 1473 densant
1163 1430 1291 1494 corpora
1314 1417 1345 1474 et
1366 1411 1504 1494 partium
1517 1426 1547 1468 ω

252 1513 494 1597 unumquodque
517 1522 636 1579 rectum
658 1514 776 1577 faciunt
799 1521 830 1577 et
851 1534 912 1576 non
935 1533 1114 1596 peruersum
1136 1533 1237 1595 neque
1259 1513 1298 1576 ab
1322 1512 1387 1575 ulla
1400 1513 1507 1577 aliona

251 1613 369 1679 uirtute
389 1617 592 1700 prohibitum.
636 1617 761 1700 propria
782 1615 866 1679 enim
888 1622 935 1679 est
956 1614 996 1678 ad
1017 1615 1153 1698 singulos
1175 1636 1313 1698 quosque
1329 1615 1505 1680 commode·

251 1716 331 1781 ratio
354 1739 409 1802 per
430 1720 519 1783 horas
542 1719 697 1804 oppositas
720 1725 751 1783 et
772 1719 953 1803 simpliciter
967 1717 1138 1801 angulares.
1182 1717 1337 1802 respirans
1353 1718 1436 1781 enim
1451 1739 1506 1782 aer

252 1819 305 1901 qui
328 1828 376 1884 cst
397 1842 493 1905 purus
514 1823 686 1886 maximum
709 1821 741 1884 in
763 1822 820 1885 hoc
843 1821 896 1886 dat
917 1826 1120 1900 momentum,
1143 1826 1259 1904 quanto
1280 1819 1407 1904 quidem
1422 1841 1458 1885 eo
1474 1825 1507 1884 et

215 1935 241 1979 11
253 1922 387 2006 plurimo
403 1925 521 1988 utimur
543 1932 575 1988 et
589 1924 628 1988 ad
643 1924 858 2008 potentissima
872 1923 967 1988 uitae.
1011 1922 1113 2005 adhuc
1134 1943 1256 2007 quoque
1279 1930 1310 1987 et
1333 1924 1507 1988 efficaciora

251 2032 283 2087 et
305 2025 467 2089 mobiliora
488 2026 603 2091 accidit
623 2028 657 2091 in
679 2028 836 2092 montanis
859 2048 924 2091 esse
946 2026 1090 2091 animalia
1116 2031 1147 2090 et
1169 2026 1376 2091 differentiam
1390 2026 1507 2091 habere

252 2126 333 2191 circa
354 2148 464 2212 corpus
487 2137 519 2194 et
541 2131 692 2195 animem:
719 2131 847 2194 fortiora
870 2131 954 2194 enim
975 2136 1049 2194 sunt
1071 2134 1103 2192 et
1122 2129 1234 2192 furoris
1256 2130 1533 2213 magnitudinem

252 2228 345 2292 simul
368 2231 447 2295 aeris
468 2232 607 2297 mixtura
628 2255 682 2318 per
704 2232 970 2297 circumstantiam
993 2232 1159 2316 recipiunt:
1183 2238 1312 2315 coauget
1333 2254 1407 2297 uero
1431 2253 1507 2317 quo·

253 2353 313 2415 quo
335 2334 427 2398 modo
450 2342 482 2399 et
509 2334 596 2399 labor
623 2342 654 2400 et
680 2336 762 2420 quod
788 2357 851 2400 non
877 2335 1017 2418 indigent
1044 2355 1152 2399 aescae
1177 2334 1310 2414 multae;
1343 2336 1376 2400 in
1403 2335 1507 2419 planis

211 2449 239 2493 ιο
253 2442 357 2500 autem
380 2458 397 2500 e
419 2438 573 2502 contrario
596 2439 671 2502 haec
694 2439 810 2502 habent
831 2445 938 2502 contra
960 2437 1208 2521 qualemcunque
1230 2458 1394 2502 causarum
1417 2438 1507 2503 elfec-

250 2544 328 2602 tum.
373 2540 514 2605 homines
535 2541 641 2625 itaque
664 2545 695 2604 et
716 2540 837 2625 reliqua
858 2539 1007 2605 animalia
1028 2541 1248 2604 transferentes
1269 2541 1303 2604 in
1325 2540 1408 2606 locos
1428 2541 1508 2605 alios

251 2641 398 2707 continuo
421 2644 627 2708 differentiam
649 2644 812 2707 habemus:
836 2644 889 2708 alii
912 2643 995 2707 enim
1017 2643 1051 2706 in
1073 2641 1260 2726 quibusdam
1282 2643 1357 2708 locis
1378 2642 1507 2727 agresti-

253 2764 320 2808 ores
336 2752 367 2809 et
381 2746 481 2826 stulti,
505 2752 536 2811 et
549 2768 638 2811 aesca
652 2746 786 2830 grauiori
802 2765 863 2809 non
885 2745 977 2810 facile
999 2746 1127 2830 perfecti
1148 2746 1229 2809 fiunt
1250 2752 1282 2810 et
1304 2766 1325 2806 a
1347 2768 1368 2806 s
1389 2745 1507 2810 medio-

249 2846 362 2911 criores
384 2857 416 2913 et
436 2849 593 2913 mansueti
614 2854 646 2912 et
667 2848 737 2934 plus
760 2848 800 2912 ad
826 2870 948 2913 aescam
975 2847 1134 2932 oportuni:
1161 2848 1239 2912 talia
1264 2854 1371 2912 autom
1397 2869 1507 2934 coepe·
1521 2865 1550 2907 ιο

209 2963 238 3006 2⁵
250 2955 360 3013 rantur
381 2956 413 3014 et
434 2951 474 3015 ad
496 2950 722 3032 fortitudinem,
746 2958 778 3015 et
799 2951 913 3014 iterum
935 2951 974 3015 ad
994 2950 1191 3014 formidinem
1205 2951 1258 3014 uel
1272 2951 1427 3031 timorem,
1449 2957 1508 3016 aut

250 3052 289 3115 ad
303 3052 511 3118 mobilitatem
528 3058 559 3117 et
574 3054 738 3138 pigriorem
752 3059 883 3117 statum:
907 3052 1086 3117 anomalum
1109 3052 1192 3117 enim
1213 3053 1371 3117 naturales
1384 3052 1508 3117 faciunt

251 3175 362 3218 causae
384 3155 506 3220 adiecta
529 3157 624 3220 etiam
646 3155 819 3239 disciplina.
864 3155 970 3240 itaque
992 3154 1134 3219 liberales
1157 3176 1223 3219 esse
1244 3154 1394 3220 uidentur
1409 3156 1507 3220 etiarn

251 3257 356 3338 otiosi,
390 3257 429 3321 ad
454 3258 574 3322 lucrum
602 3265 634 3322 et
659 3258 783 3340 negot-ia
810 3257 974 3337 ineruditi,
1002 3263 1033 3321 et
1059 3263 1177 3321 statum
1198 3257 1231 3321 in
1255 3258 1358 3322 anima
1380 3258 1507 3322 firmum

250 3359 381 3439 habent;
404 3360 565 3424 ferociores
587 3382 660 3425 uero
684 3369 715 3425 et
737 3361 806 3424 duri
828 3366 860 3424 et
879 3359 918 3424 ad
933 3359 992 3423 iter
1007 3359 1159 3442 agendum
1175 3361 1331 3444 oportuni,
1355 3361 1509 3426 habentes

210 3463 344 3526 oesimul
366 3463 558 3546 ingeniosum
583 3472 614 3528 et
635 3463 727 3527 uelox
749 3462 787 3526 ad
810 3468 939 3526 motum.
984 3482 1039 3546 per
1059 3462 1117 3526 hoc
1139 3462 1234 3526 etiam
1253 3462 1388 3528 seniores
1406 3465 1507 3548 magis

252 3565 379 3629 stabiles
401 3573 475 3630 sunt
498 3573 529 3630 et
550 3565 796 3630 rationabiliores
818 3586 888 3628 cum
915 3564 1095 3649 prudentia3
1122 3584 1223 3628 mores
1249 3585 1322 3629 uero
1352 3565 1506 3632 iuuenum
1519 3585 1549 3627 ιο

197 3770 236 3823 lot
255 3770 301 3841 τὴν
324 3770 406 3843 ἀρχὴν
429 3768 535 3823 αὐτόθεν
558 3771 672 3845 ἔχουσιν,
695 3771 718 3824 οἱ
737 3771 816 3841 μόνην
833 3769 881 3840 τὴν
903 3769 991 3843 χώραν
1015 3768 1031 3840 ἡ
1054 3771 1098 3821 οιαὶ
1120 3768 1167 3839 τὴν
1185 3768 1298 3821 παιδείαν
1321 3768 1499 3838 ὀνομάζοντες,
1524 3774 1564 3834 ὡς

196 3856 310 3911 ἐντεῦθεν
327 3863 381 3910 τῶν
400 3858 523 3929 ἀφορμῶν
548 3858 631 3911 οὐσῶν
650 3859 693 3911 καὶ
716 3860 866 3930 σπερμάτων
890 3862 966 3909 τινῶν
985 3857 1091 3926 φυσικὰς
1114 3855 1198 3914 αὐτοῖς
1215 3857 1365 3927 ἕμφυόντιον
1387 3860 1499 3930 κινήσεις
1517 3864 1562 3915 καὶ

196 3944 257 4016 εἴδη.
294 3944 320 3997 cl
338 3945 383 4012 μὲν
401 3943 445 3996 οὖν
464 3945 540 3998 αἰτίαι
562 3953 614 3997 τῶν
634 3945 782 4016 μεταβολῶν
801 3942 903 4014 φυσικαί
921 3943 967 3995 εἰσι
986 3943 1029 3995 καὶ
1046 3943 1185 4008 πολιτικαί,
1209 3944 1270 4017 πρὸς
1292 3947 1338 4016 την
1357 3945 1499 4020 ἐξαλλαγὴν
1516 3951 1560 4022 ἀρ·

196 4037 285 4085 κοῦσαι
302 4030 364 4085 καθ’
386 4032 477 4102 ἑαυτὴν
501 4033 545 4101 μὲν
571 4034 689 4103 ἑκατέρα,
712 4032 792 4085 ἔτιδὲ
811 4030 905 4100 μᾶλλον
927 4035 973 4100 τῆς
991 4037 1049 4098 μιᾶς
1072 4031 1096 4083 ἐν
1115 4029 1179 4098 μίξει
1201 4035 1235 4103 τῇ
1258 4033 1318 4104 πρὸς
1336 4032 1449 4105 ἀλλήλας

198 4121 214 4174 3
234 4122 344 4171 hanam
365 4121 472 4170 indicavi
582 4121 597 4173 6
616 4122 788 4173 motationum
810 4118 846 4170 θλ
955 4118 1077 4185 politicae
1097 4118 1133 4170 0²
1150 4119 1175 4169 in
1193 4138 1246 4172 raa.
1352 4122 1370 4174 8
1388 4138 1442 4175 una
1463 4124 1561 4177 CHM:

196 4227 241 4259 cm.
262 4210 285 4259 G
292 4244 299 4268 ,
321 4207 366 4257 sad
378 4207 459 4273 fuisse
477 4207 533 4257 olim
552 4209 576 4258 ιἰι
595 4209 703 4276 margine
722 4208 816 4258 videtur
930 4204 1057 4275 mixtura]
1076 4204 1136 4272 mi(
1170 4205 1225 4273 )0
1341 4208 1357 4259 9
1385 4208 1560 4266 differentiam

197 4292 333 4362 alimenta]
358 4293 500 4361 different(
536 4294 588 4363 )-ta
609 4295 631 4346 G
751 4311 839 4361 graece
857 4296 920 4361 sort.
945 4294 1035 4365 τροφαὶ
1058 4294 1103 4362 μὲν
1126 4295 1173 4366 γὰρ
1197 4294 1222 4346 αἱ
1245 4294 1271 4346 ἐν
1294 4301 1347 4353 τοῖς
1365 4294 1467 4368 ὀρεινοῖς
1487 4298 1562 4372 ξηρό·

196 4400 278 4454 τεραι,
297 4382 340 4433 καὶ
358 4381 390 4433 τὰ
407 4380 483 4452 ἧττον
501 4382 594 4447 πεδινά,
612 4382 669 4452 ἤτοι
687 4383 718 4434 τὰ
736 4379 841 4441 εδιτνοοι,
865 4379 991 4449 συνίστησι
1008 4381 1052 4433 κοὶ
1069 4389 1163 4435 πυκνοῖ
1178 4383 1210 4435 τὰ
1228 4383 1335 4452 σώματα
1443 4386 1476 4439 15
1504 4387 1560 4440 effi-

197 4471 294 4522 catiora
315 4472 337 4521 0
449 4470 481 4522 16
500 4468 684 4537 differentiam]
704 4468 847 4534 different(
883 4468 894 4533 )
915 4466 938 4519 G
1049 4467 1081 4520 18
1095 4480 1154 4535 ροιι
1172 4471 1286 4523 mixtura
1303 4472 1367 4522 duae
1385 4471 1430 4524 liu.
1450 4491 1515 4526 erac.
1537 4477 1561 4528 0

198 4557 231 4608 22
259 4555 396 4625 continuo]
417 4556 491 4623 con(
526 4555 579 4623 )G
711 4553 909 4624 agrestiores](
944 4552 1070 4620 )-oresG
1205 4555 1238 4608 23
1267 4573 1344 4610 aesca
1360 4560 1492 4627 grauiori]
1511 4562 1562 4614 tc.

197 4647 244 4712 τῆς
260 4648 356 4714 τροφῆς
375 4643 511 4715 βαρυτέρας
529 4640 605 4713 οὔσης
699 4643 839 4696 mediocres
859 4643 894 4694 0¹
914 4640 1038 4710 [Ιοουααιιι
1056 4642 1177 4705 ιἰιάὶοουίς
1193 4662 1283 4710 graeca
1301 4645 1362 4695 euim
1381 4648 1425 4699 καὶ
1443 4645 1517 4701 ἄλλοι
1534 4648 1563 4703 δὲ

198 4731 360 4802 μετριώτεροι
378 4731 421 4783 καὶ
440 4735 515 4799 πρᾶοι
525 4732 610 4798 fuisse
629 4732 738 4781 videtur:
757 4741 837 4780 celera
855 4747 901 4778 aon
919 4731 981 4780 satia
1000 4728 1113 4798 expedio]
1208 4730 1241 4782 29
1259 4729 1397 4786 ferociores
1416 4734 1492 4805 uero]
1512 4738 1528 4788 i.
1540 4756 1562 4789 e.

200 4818 223 4870 ol
241 4816 267 4868 δὲ
285 4815 484 4888 θυμοειδέστεροι
603 4816 638 4870 30
662 4827 718 4882 poet
737 4821 835 4868 motum
857 4826 928 4866 uocat
947 4817 1074 4883 ιριιιίοἰοια
1098 4818 1122 4869 in
1140 4836 1225 4868 versos
1236 4820 1291 4884 fine
1310 4820 1334 4870 ιἰι
1355 4821 1379 4872 G
1497 4824 1562 4893 Per]

199 4905 209 4975 <
246 4904 340 4975 rere
