3510 5610
205 311 244 379 18
384 311 636 367 ARISTOPHANIS
654 310 839 366 mssoslss
858 311 1050 365 ANIMALIUM
1069 310 1217 365 ΕΡΙΤΟΜΕ
1235 311 1247 364 Ι
1265 307 1377 366 63-66

201 501 261 546 snv
274 484 353 555 λείας
374 485 524 572 ἀπόκρισις
546 487 617 570 πρδς
632 486 664 550 ιδ
681 489 862 572 ζῳογονήσαι
883 484 1029 570 χρήσιμός
1044 485 1104 548 ἐστι
1127 482 1131 571 A
1156 486 1233 549 ἀλλά
1246 511 1296 557 εις.
1329 482 1403 551 κατὰ
1417 487 1502 547 τοῦτο
1513 491 1548 548 28

147 665 157 685 ο
256 587 305 653 οὑν
332 588 452 674 λέγομεν
478 588 698 676 συμβαλλεσθαι
719 588 752 651 τδ
774 589 869 672 θῆλυ,
896 587 954 672 οὐχ
976 587 1019 650 ότι
1041 588 1156 672 σπέρμα
1177 589 1308 674 ἀφίησιν,
1333 588 1408 653 ἀλλὰ
1429 583 1496 651 καθ’
1516 603 1530 646 s

256 693 324 757 ὅσον
347 693 418 778 ὕλης
439 690 526 756 τόπον
549 691 663 778 ἐπέχει,
685 691 817 774 καθάπερ
841 690 951 776 χαλκδς
972 696 1014 775 τῷ
1038 690 1312 775 ἀνδριαντοπλάστη.
1391 691 1462 775 (64)
1485 690 1501 755 ὃ

254 796 287 858 δὲ
308 795 437 879 προΐεται
458 796 477 878 ἡ
504 795 576 878 γυνὴ
604 792 676 876 μετὰ
702 797 755 877 τῆς
783 792 886 876 μίξεως
912 794 961 857 καί
986 794 1094 877 ἡδονῆς
1120 792 1220 878 ὑγρόν,
1246 793 1264 857 ό
1285 817 1358 864 τινες
1386 793 1501 878 σπέρμα

225 897 396 984 σὺπέλαβον
418 897 504 977 εἰναι,
532 895 679 982 ἄχρηστόν
702 896 791 959 ἐστιν·
824 895 859 959 σθ
884 896 938 979 γάρ
961 896 1023 959 ἐστι
1050 894 1166 980 σπέρμα
1187 895 1251 960 ἀλλ’
1275 895 1345 961 ἴδιόν
1367 921 1394 960 τι
1416 898 1500 981 ὑγρδν

255 1000 440 1087 συμβεβηκός
461 994 521 1070 τοῖςΙ
541 997 649 1067 τόποις.
687 999 717 1062 ἐν
740 999 773 1062 δὲ
794 1001 854 1068 τοῖς
875 998 1060 1083 καταμηνίοις
1080 997 1177 1069 αἰετοῖς
1196 998 1267 1076 έστι,
1290 1003 1330 1070 ὡς
1352 1004 1500 1085 προεῖπον,

180 1104 185 1115 '
253 1103 381 1167 ἀπέπτου
404 1102 568 1188 σπέρματος
590 1101 687 1188 φὺσις·
721 1100 820 1186 διόπερ
843 1098 925 1170 ὅσαις
946 1101 980 1164 οὐ
1001 1101 1107 1184 γίνεται
1129 1102 1163 1165 τδ
1186 1104 1252 1167 ὅλον
1279 1103 1315 1166 τόι
1337 1103 1500 1187 καταμήνια
1514 1120 1541 1162 1ο

253 1207 272 1291 A
296 1205 435 1290 γενόμενα
457 1205 601 1291 ἐσβέσθη,
629 1204 725 1270 οὐκέτι
747 1205 1009 1291 συλλαμβάνουσιν,
1034 1204 1107 1268 ἅτε
1129 1208 1181 1268 τοῦ
1206 1204 1323 1291 ἄρρενος
1348 1207 1400 1290 τήν
1428 1207 1500 1292 θλην

254 1309 284 1372 ἐν
305 1310 434 1392 γονεὺσει
456 1308 498 1391 μὴ
521 1306 648 1393 ἔχοντος.
734 1306 806 1390 (65)
835 1307 922 1376 ἐνίαις
945 1307 996 1390 μὲν
1018 1305 1068 1371 οὑν
1090 1309 1139 1372 καί
1160 1308 1316 1393 γινομένων
1337 1313 1395 1372 τῶν
1416 1332 1501 1374 κατα-

135 1480 148 1499 .
213 1426 240 1472 10
256 1411 363 1495 μηνίων
386 1410 500 1474 ἀτεκνία
522 1400 745 1495 παρακολουθεῖ.
790 1410 939 1495 συμβαίνει
961 1411 993 1473 δὲ
1015 1415 1099 1476 τοῦτο
1121 1411 1195 1475 κατὰ
1216 1411 1325 1482 πολλὰς
1352 1412 1443 1482 αἰτίας
1463 1412 1502 1494 γί·

252 1514 362 1578 νεσθαι.
406 1511 530 1598 καὶγὰρ
552 1512 602 1576 ἐὰν
624 1509 645 1597 A
668 1512 858 1597 εόνουχώδης
882 1513 930 1576 καί
953 1513 1052 1596 μικρόν
1078 1514 1127 1576 τδν
1153 1515 1300 1599 τράχηλον
1326 1511 1438 1599 ἔχουσα
1463 1512 1498 1577 od
1512 1530 1541 1573 1⁵

254 1618 439 1702 συλλήψεται,
462 1617 511 1679 καί
532 1615 582 1679 ἐὰν
606 1613 653 1699 [A]
677 1614 913 1698 έγκεκλεισμένας
931 1615 978 1677 καὶ
993 1612 1042 1676 ἐὰν
1058 1615 1159 1700 κωρὰς
1173 1618 1222 1680 καί
1238 1617 1279 1700 μὴ
1295 1616 1501 1701 ἑστομωμένας

251 1720 301 1790 τὰς
324 1719 443 1803 ὑστέρας
465 1716 535 1804 ἔχη,
557 1716 611 1782 κᾶν
631 1718 692 1781 λίαν
715 1718 857 1802 κάθυγρος
878 1712 914 1801 A·
941 1716 1146 1802 συνεξυγραίνει
1164 1717 1246 1803 (γὰρ)
1265 1719 1298 1782 τδ
1315 1724 1366 1783 τοῦ
1382 1719 1500 1805 άρρενος

251 1822 379 1906 σπέρμα·
413 1819 466 1886 κάν
493 1822 555 1885 λίαν
581 1823 665 1885 παλιν
691 1819 863 1904 κατάξηρος·
897 1820 1137 1906 ἀναληφθήσεται
1157 1820 1211 1905 γὰρ
1233 1822 1282 1885 καὶ
1303 1822 1500 1907 ἀναξηρανθή·

214 1941 240 1985 ισ
254 1945 346 1999 σεται,
374 1923 424 1988 ἐὰν
447 1926 488 2009 μὴ
511 1923 670 2010 καταβαίνῃ
693 1923 726 1984 τδ
749 1920 819 1984 ἴδιον
843 1922 955 2007 μέτρον.
997 1925 1046 1987 καί
1067 1923 1152 1988 ἄλλαι
1174 1925 1207 1988 δὲ
1228 1926 1333 1988 πολλαὶ
1354 1921 1501 2009 πηρώσεις

252 2028 367 2113 άγονίας
387 2026 501 2112 (αἴτιαι)
521 2028 571 2093 καί
596 2028 656 2093 τοῖς
681 2023 780 2110 ἄρρεσι
807 2026 855 2089 καί
883 2029 946 2096 ταῖς
971 2026 1100 2110 θηλείαις
1127 2027 1322 2112 ὑπάρχουσιν,
1348 2026 1413 2091 ἀλλ’
1434 2029 1540 2112 Amiso

253 2131 289 2195 τὰ
318 2135 366 2194 νῦν
396 2130 453 2217 οἰχ
483 2131 554 2216 ὑπὲρ
583 2128 709 2204 τούτων,
742 2125 805 2192 ἀλλ’
834 2128 906 2214 ὑπὲρ
936 2132 992 2193 τῶν
1022 2129 1096 2193 κατὰ
1124 2129 1208 2214 φύσιν
1237 2132 1500 2217 συλλαμβανουσῶν

251 2233 371 2319 εἴρηται.
457 2232 529 2315 (66)
558 2231 708 2318 ἐχομένως
734 2228 758 2294 δ’
780 2231 898 2316 ἀπορεῖ,
925 2229 1046 2316 πότερον
1072 2232 1105 2294 τδ
1133 2232 1238 2296 συστὰν
1264 2230 1321 2317 (ἐν)
1345 2237 1382 2317 τῇ
1406 2237 1502 2320 μήτρᾳ

253 2337 369 2421 σπέρμα
390 2336 438 2399 καί
461 2336 552 2420 μιχθὲ
588 2333 653 2420 (τη)
674 2340 728 2418 τῆς
749 2334 870 2419 θηλείας
891 2334 988 2416 ἰκμάδι
1014 2333 1126 2403 εὐθέως
1154 2336 1202 2398 καί
1228 2336 1325 2420 ψυχήν
1351 2343 1429 2400 ποιεῖ
1451 2339 1499 2402 καί

199 2616 211 2667 l
232 2614 297 2667 κατὰ
314 2615 401 2679 τοῦτο]
420 2613 501 2666 Arist.
515 2629 601 2681 gsnsr.
614 2612 694 2666 anim.
707 2609 729 2666 A
743 2612 774 2664 19
793 2629 818 2681 p.
830 2609 936 2663 727b3l
961 2609 998 2664 ότι
1016 2612 1061 2679 μὲν
1079 2609 1122 2664 οὑν
1141 2610 1305 2682 συμβάλλεται
1323 2611 1352 2665 τό
1370 2609 1436 2683 θῆλυ
1454 2613 1489 2672 εἰς
1505 2613 1553 2685 τὴν

196 2703 286 2771 γένεσιν
304 2701 351 2770 τήν
369 2699 431 2771 ὕλην
444 2735 451 2749 .
464 2735 471 2748 .
485 2735 492 2748 ·
505 2699 588 2770 δῆλον.
616 2699 685 2753 Ass
704 2717 729 2769 p.
743 2698 832 2752 730b1
858 2699 883 2751 έν
904 2702 942 2769 τῷ
962 2696 1035 2769 θήλει
1056 2699 1117 2752 εἰναι
1137 2701 1183 2770 τήν
1203 2698 1277 2770 ὕλην,
1299 2699 1324 2761 ἐξ
1345 2700 1375 2771 ἧς
1394 2701 1445 2753 ἐστι
1462 2699 1491 2753 τό
1508 2700 1552 2771 δη-

195 2787 388 2860 μιουργσὺμενσν
421 2783 424 2789 ’
515 2786 518 2791 ’
555 2787 610 2840 3.4
632 2786 689 2840 θδδ
706 2785 827 2857 προΐεται]
847 2787 926 2838 Arist.
939 2802 1026 2855 gener.
1039 2787 1118 2839 anim.
1132 2782 1154 2839 A
1167 2786 1202 2839 20
1222 2803 1248 2855 p.
1263 2786 1371 2840 727b33
1394 2785 1445 2840 θδ
1459 2787 1552 2841 σίσνταί

195 2895 258 2935 τινες
279 2877 376 2948 σπέρμα
399 2872 583 2945 συμβάλλεσθαι
607 2874 632 2927 ἰν
655 2876 689 2944 ιη’
710 2873 823 2942 συνουσίᾳ
843 2872 872 2926 τὸ
894 2870 959 2943 θῆλυ
982 2872 1022 2926 διὰ
1044 2873 1074 2925 τό
1098 2871 1205 2943 γίνεσθαι
1227 2873 1400 2946 παραπλησίαν
1422 2893 1449 2927 τε
1471 2876 1552 2946 χαράν

195 2965 272 3018 ἐνίοτε
290 2964 375 3022 αὑταῖς
392 2966 426 3034 τή
443 2968 495 3016 τῶν
508 2963 618 3034 ἀρρένων
636 2962 679 3013 καί
698 2959 750 3029 ἅμα
768 2959 844 3032 ὑγρὰν
862 2960 999 3031 ἀπόκρισιν,
1018 2959 1065 3012 σίνκ
1084 2959 1176 3031 ίστινή
1191 2960 1294 3032 ὑγρασία
1312 2960 1375 3032 αὕτη
1395 2963 1551 3035 σπερματικὴ

196 3051 259 3104 ἀλλὰ
277 3056 322 3104 τοῦ
339 3051 418 3104 τόπου
436 3050 497 3110 ίδισς
515 3051 630 3107 ἑκάσταις
745 3047 760 3098 7
782 3046 878 3119 διόπερ]
898 3049 978 3100 Arist.
991 3063 1077 3117 gener.
1089 3049 1169 3101 anim.
1183 3045 1205 3102 A
1219 3049 1250 3101 19
1268 3066 1295 3118 p.
1308 3039 1476 3103 isibls'szs
1494 3048 1552 3104 σὺτι

196 3137 262 3199 όλως
280 3140 315 3209 μή
335 3139 485 3208 γιγνομένων
504 3136 588 3191 αὑτῶν
606 3139 668 3201 (τῶν
686 3137 858 3206 καταμηνίων)
876 3138 949 3205 γεννᾷ
966 3134 994 3188 τὸ
1013 3132 1091 3203 θῆλυ,
1110 3131 1167 3188 σὺτι
1185 3137 1335 3206 γιγνομένων
1353 3135 1412 3193 όταν
1431 3137 1551 3210 ίΕικμάζη

197 3226 233 3285 ὡς
256 3227 295 3279 έπί
318 3226 347 3279 τὸ
370 3224 447 3288 πολὺ,
470 3223 534 3277 ἀλλά
557 3224 621 3294 μετὰ
641 3224 688 3295 τήν
709 3221 837 3296 κάθαρσιν.
871 3220 911 3275 ssi
933 3221 978 3291 μὲν
999 3222 1045 3292 γὰρ
1067 3221 1114 3275 οἰικ
1133 3223 1185 3294 ἔχει
1202 3225 1297 3296 τροφὴν
1315 3223 1365 3277 οὐδ’
1380 3223 1454 3296 ὕλην,
1477 3225 1503 3288 ἐξ
1520 3225 1552 3297 Ae

195 3313 324 3383 δυνήσεται
343 3317 460 3383 συστῆσαι
477 3312 507 3365 τό
526 3313 591 3384 ζῷον
608 3313 625 3382 A
644 3311 693 3364 ἀπό
711 3315 756 3363 τοῦ
772 3311 871 3383 ἄρρενος
884 3311 1055 3381 ἐνυπάρχουσα
1068 3311 1093 3363 ἐν
1105 3313 1138 3381 τῇ
1150 3314 1210 3382 γονῇ
1227 3310 1339 3380 δὺναμις·
1364 3311 1406 3366 δτὲ
1423 3313 1449 3367 δὲ
1466 3329 1551 3366 συνικ-

195 3399 311 3462 κλόζιται
329 3399 414 3453 διὰτὸ
432 3399 529 3471 πλῆθος
635 3399 651 3451 9
674 3398 759 3468 ἐνίαις]
779 3398 811 3451 ci.
822 3397 902 3451 Arist.
915 3398 975 3451 hist.
989 3398 1068 3450 anim.
1082 3393 1107 3451 K
1122 3397 1192 3452 1-3
1211 3416 1236 3467 p.
1251 3399 1489 3455 633b11-63628
1508 3401 1511 3405 ’

198 3488 230 3542 15
248 3491 292 3542 καί
310 3486 393 3557 ἄλλαι]
413 3490 494 3542 Arist.
506 3504 592 3558 gener.
605 3488 684 3540 anim.
696 3484 748 3540 Bi
767 3503 793 3556 p.
806 3485 915 3538 7461220
936 3487 968 3538 τὰ
986 3484 1005 3537 δ’
1021 3485 1087 3538 αἰτισ
1105 3490 1150 3556 τῆς
1162 3485 1258 3555 ἀγονίας
1277 3488 1317 3540 ἐπὶ
1335 3488 1385 3556 μὲν,
1397 3495 1449 3540 τῶν
1467 3488 1551 3542 ἄλλων

195 3574 273 3628 πλείω
286 3574 424 3645 συμβαίνει·
443 3576 544 3645 καὶγὰρ
558 3576 587 3628 ἐκ
599 3579 706 3645 γενετῆς,
724 3572 783 3626 όταν
796 3570 934 3644 πηρωθιῗιαι
946 3575 1004 3633 τοὺς
1015 3575 1107 3634 τόπους
1119 3576 1176 3634 τοὺς
1188 3575 1248 3646 πρὸς
1260 3575 1307 3645 τήν
1325 3574 1388 3642 μίξιν
1406 3578 1551 3647 χρησίμους,

195 3663 278 3733 ἄγονοι
290 3664 396 3733 γίνονται
408 3664 451 3715 καὶ
463 3668 576 3731 γυναῖκες
587 3663 631 3714 καί
642 3661 742 3733 ἄνδρες.
753 3696 760 3710 .
771 3668 838 3720 .τσίς
851 3660 876 3713 δὲ
889 3661 1021 3731 προϊσὺσης
1033 3667 1078 3733 τῆς
1091 3662 1189 3733 ήλικίας
1200 3662 1291 3715 ταὺτδν
1305 3662 1430 3733 συμβαίνει
1448 3667 1551 3736 πάσχειν

197 3750 229 3802 18
252 3751 379 3821 ἐχομένως
396 3749 416 3803 δ’
431 3749 528 3820 ἀπορεῖ]
548 3751 628 3803 Arist.
642 3766 728 3819 gsnsr.
741 3750 820 3802 anim.
833 3745 883 3801 B3
901 3765 927 3817 p.
940 3748 1047 3802 736224
1068 3748 1157 3803 τοὺτσυ
1174 3748 1194 3802 δ’
1210 3749 1327 3821 ἐχόμενόν
1346 3752 1410 3804 ἐστιν
1428 3751 1551 3824 ἀπορήσαι

195 3839 238 3890 καί
256 3839 339 3901 εἰπεῖν,
358 3837 379 3890 εἰ
392 3843 444 3891 τῶν
462 3838 614 3907 προϊεμένων
632 3838 665 3896 εἰς
682 3837 712 3890 τό
731 3835 796 3907 θῆλυ
814 3837 888 3907 γονὴν
906 3834 985 3906 μηδὲν
1005 3837 1092 3908 μόριόν
1104 3839 1154 3891 ἐστι
1171 3837 1200 3889 τό
1219 3835 1327 3890 εἰσελθὸν
1344 3843 1390 3891 τοῦ
1408 3841 1550 3909 γιγνομένου

195 3926 336 3996 κυήματος,
353 3929 402 3979 ποῦ
420 3926 535 3996 τρέπεται
552 3924 582 3978 τό
601 3924 752 3994 σωματῶδες
770 3924 856 3989 αὑτοῦ,
874 3924 939 3995 εἰπερ
958 3926 1084 3997 ἐργάζεται
1102 3932 1134 3996 πή
1152 3924 1251 3993 δυνάμει
1268 3929 1302 3996 τῇ
1321 3926 1408 3998 ἑνοὺση
1427 3928 1452 3980 ἐν
1470 3927 1550 3999 αὐτῷ.

195 4012 296 4083 διορίσαι
318 4032 345 4066 τε
367 4013 415 4078 δεῖ,
438 4013 541 4084 πότερον
565 4011 747 4082 μεταλαμβάνει
769 4012 798 4064 τό
817 4015 986 4081 συνεπόμενον
1005 4014 1031 4066 ἐν
1049 4016 1086 4085 τῷ
1104 4010 1176 4083 θήλει
1193 4013 1242 4066 ἀπό
1260 4019 1305 4066 τοῦ
1322 4013 1474 4074 εἰσελθόντος
1491 4035 1515 4068 τι
1533 4015 1549 4086 A

195 4098 282 4166 οὑθίν,
303 4103 347 4154 καί
369 4102 424 4171 πιρί
447 4100 544 4172 ψυχῆς,
567 4096 624 4152 καθ’
639 4099 670 4169 As
693 4098 789 4169 λέγεται
813 4101 876 4171 ζῷον
899 4101 974 4168 (ζῴον
997 4099 1016 4152 δ’
1032 4101 1083 4153 ἐστὶ
1105 4102 1171 4153 κατὰ
1193 4101 1222 4154 τὸ
1244 4101 1328 4172 μόριον
1350 4107 1397 4172 τῆς
1419 4103 1503 4173 ψυχῆς
1519 4103 1550 4156 τό

195 4186 363 4257 αἰσθητικόν),
384 4189 488 4261 πότερον
506 4189 636 4259 ἐνυπάρχει
653 4194 690 4258 τῷ
709 4188 832 4259 σπέρματι
848 4189 891 4241 καὶ
909 4192 945 4259 τῷ
964 4189 1075 4258 κυήματι
1093 4187 1109 4258 A
1128 4185 1171 4252 sd,
1189 4189 1232 4241 καὶ
1250 4187 1326 4242 πόθεν

196 4448 212 4502 2
236 4448 441 4520 συμβάλεσθοιιΡ
571 4449 587 4503 3
611 4449 687 4503 τόπον
705 4451 810 4520 scripsi:
833 4450 962 4520 τρόπονΡ
1092 4451 1108 4505 5
1133 4450 1206 4524 ὑγρόν
1224 4454 1304 4507 Ross:
1330 4452 1438 4508 ὑπισνΡ

196 4537 320 4597 θεόπαις
338 4538 434 4603 (εἰσ)Ρ
535 4537 663 4608 προεῖπον]
682 4555 708 4608 p.
723 4539 804 4605 17,14
907 4537 1013 4599 ’ἰόσαις
1031 4541 1110 4594 Ross:
1134 4539 1236 4600 ὅσοιςΡ
1342 4539 1547 4613 θήσβέσθηίΡ

197 4624 228 4678 12
249 4624 266 4697 A
286 4626 369 4679 delevi
458 4625 661 4696 ἰγκεκλιισμένας
679 4626 776 4692 (sic)P
864 4628 908 4680 καὶ
926 4628 968 4680 ἐὰν
985 4628 1074 4697 κωφός
1091 4629 1124 4680 P:
1147 4627 1163 4698 A
1183 4629 1272 4699 κωφός
1290 4629 1357 4682 Ross
1448 4629 1480 4683 13
1501 4629 1549 4683 κᾶν

195 4714 276 4767 sose:
299 4714 381 4767 mii>
508 4715 554 4785 γορ
573 4698 675 4767 adisis
693 4715 772 4768 sose:
794 4702 876 4767 λων
1008 4715 1039 4768 14
1063 4715 1111 4768 ιιι
1129 4717 1209 4770 sose:
1235 4717 1316 4769 παν
1448 4718 1480 4771 15
1505 4719 1548 4771 ss

92 4811 99 4825 ‘
195 4801 299 4870 scripsi:
325 4801 411 4855 κᾶνΡ
555 4801 587 4854 λθ
612 4803 687 4855 αἴτιαι
705 4804 809 4871 scripsi:
834 4803 908 4856 αἰτίαι
930 4803 1031 4858 addidit
1048 4806 1117 4857 Ross
1260 4805 1291 4856 18
1317 4805 1343 4857 ἰν
1361 4805 1462 4859 addidit
1479 4808 1549 4860 Rosa

197 4888 229 4941 19
251 4892 285 4960 πή
302 4893 347 4959 τῆς
365 4890 445 4943 Ross:
468 4893 515 4959 τῆς
532 4890 553 4943 Ρ
