3510 5610
202 299 244 363 58
374 299 625 356 ARISTOPIIANIS
643 304 828 357 HISTORIAII
847 304 1041 359 ANIIIALIUII
1059 307 1208 362 EPITOIIE
1227 310 1251 362 II
1270 308 1383 364 91-93

340 474 411 558 (91)
438 457 615 561 Ἡμεροῦται
641 476 673 538 δὲ
699 476 747 538 καὶ
775 479 884 556 μᾶλλον
911 482 968 540 τῶν
994 477 1091 541 ἄλλων
1119 476 1213 564 ζῴων.
1258 483 1333 565 πλὴν
1359 483 1388 545 ἐν
1408 482 1505 553 Ἰνδοῖς

256 573 305 637 ἐὰν
333 578 399 662 ἀλῶ
426 578 533 647 τέλειος
560 579 666 663 ἐλέφας
692 579 822 663 χαλεπός
848 579 924 642 ἐστιν
950 582 1155 666 ἡμερωθῆναι,
1183 584 1231 646 καὶ
1258 584 1309 668 τὴν
1336 586 1504 672 ἐλευθερίαν

256 677 357 740 ποθῶν
379 685 463 765 φονᾷ.
508 681 589 743 εἰδὲ
611 683 659 744 καὶ
682 683 798 764 δεσμοῖς
820 681 906 744 αύτδν
929 684 1082 767 διαλάβης,
1111 683 1153 747 ἔτι
1180 687 1228 747 καὶ
1255 690 1364 768 μᾶλλον
1391 690 1432 759 είς
1455 690 1503 753 τδν

255 779 349 863 θυμὸν
376 782 525 852 ἐξάπτεται
552 782 625 867 (καὶ)
651 784 825 866 δουλοσύνην
853 784 910 869 οὐχ
937 785 1083 866 ὑπομένει.
1128 786 1192 850 ἀλλ’
1210 787 1290 852 Ἰνδοὶ
1315 791 1362 853 καὶ
1384 797 1504 877 τροφαῖς

227 885 457 948 σκυλακεύουσιν
478 886 565 949 αότδν
587 887 635 948 καὶ
654 887 793 954 ποικιλοις
814 887 929 951 δελέασι
950 888 1083 973 πραύνειν
1100 895 1262 973 πειρῶνται.
1296 895 1312 955 ό
1328 894 1360 956 δὲ
1375 893 1502 979 ἀχθεται

254 986 351 1055 αὐτοῖς
377 990 423 1051 καλ
450 988 586 1073 ύπερορῖρ.
631 989 869 1073 κατασοφίζονται
895 989 944 1052 οὖν
966 990 1055 1054 αύτοῦ
1079 992 1175 1075 μούση
1199 994 1349 1080 ἐπιχωρίῳ
1372 996 1436 1077 μετ’
1458 998 1503 1082 ὀρ-

252 1091 340 1171 γάνου
362 1091 449 1161 τινός·
484 1095 613 1154 καλεῖται
634 1092 667 1154 δὲ
689 1092 721 1153 τδ
745 1089 863 1174 ὄργανον
887 1094 1050 1178 σκινδαψύς.
1095 1095 1165 1157 ύδὲ
1188 1096 1291 1182 ὑπέχει
1311 1098 1347 1161 τά
1370 1101 1432 1162 ώτα
1454 1102 1502 1163 καὶ

256 1192 399 1276 θέλγεται,
423 1195 470 1257 καὶ
493 1195 567 1258 κατὰ
589 1195 689 1279 μικρὸν
712 1194 764 1275 τὴν
786 1196 895 1279 τρυφὴν
918 1197 1074 1280 προσίεται.

336 1295 408 1379 (92)
437 1296 596 1360 Διώκονται
618 1294 667 1359 ούν
690 1296 756 1379 παρ’
774 1296 868 1361 ’Ἰνδῶν
892 1297 987 1361 ἕνεκεν
1010 1299 1145 1373 ὀδόντων,
1169 1302 1212 1363 διδ
1232 1302 1298 1370 τοὺς
1319 1304 1430 1374 νωδοδς
1445 1306 1501 1389 πρὸ

214 1414 239 1457 ιο
252 1405 303 1483 τῆς
325 1401 470 1483 φάλαγγος
485 1403 605 1477 ἱστᾶσιν,
629 1400 728 1484 ῶσπερ
751 1400 918 1469 ἀπατῶντες
938 1400 981 1464 ότι
1003 1401 1057 1464 οῦκ
1079 1399 1181 1486 ἔχουσι
1204 1405 1237 1466 τό
1253 1406 1437 1489 ζητούμενον.

252 1502 426 1587 διωκόμενος
456 1503 552 1585 μέντοι
580 1502 677 1586 ὥσπερ
705 1504 775 1585 λήϊα
800 1502 836 1565 τά
864 1503 983 1586 μέγιστα
1010 1504 1111 1587 δένδρα
1138 1508 1268 1588 κατατιλᾷ
1294 1530 1330 1590 τη
1361 1508 1501 1595 ὑπερβαλ-

253 1607 344 1689 λούση
375 1607 492 1688 δυνάμει
519 1606 567 1669 καλ
595 1603 712 1688 φέρεται
742 1606 828 1688 ῥώμη
857 1607 1003 1691 ἀμηχάνιρ
1034 1608 1080 1669 καὶ
1110 1608 1187 1691 ὁρμῇ
1218 1610 1421 1695 ἀκατασχέτιμ.
1471 1613 1501 1675 ἐν

253 1709 405 1793 ἐλευθερίη
432 1711 464 1771 δέ
490 1709 619 1771 κινδύνου
646 1707 839 1790 διαγενόμενοι
866 1709 966 1771 ἑστᾶσι
992 1710 1040 1771 καλ
1067 1710 1273 1773 ἀναπαύονται·
1307 1713 1356 1775 καὶ
1382 1716 1409 1776 οἱ
1436 1717 1501 1777 διώ·

252 1836 363 1891 κοντες,
390 1813 443 1896 τὴν
470 1812 540 1894 ύλην
569 1812 768 1894 ἐμπρήσαντες
790 1800 838 1872 κόιὶ
860 1813 912 1894 τἠν
939 1813 1032 1874 ὀπίσω
1060 1812 1126 1874 ύδδν
1154 1812 1362 1898 κατασχόντες,
1389 1817 1501 1880 ἱστᾶσιν

215 1932 240 1975 15
253 1915 366 1984 αύτούς.
410 1915 554 1978 δεδοίκασι
576 1915 629 1998 γάρ
652 1913 685 1974 τδ
710 1910 714 1997 Ι
737 1916 793 1996 πῦρ
817 1917 857 1981 ῶς
880 1916 906 1977 οί
929 1914 1050 1982 λέοντες.
1482 1936 1555 1980 πονοι

335 2017 408 2100 (93)
436 2015 667 2099 Ἐνακμάζοντος
689 2017 721 2078 δὲ
743 2020 793 2078 τοῦ
815 2017 899 2100 ἡλίου
922 2019 1051 2102 χρίουσιν
1073 2018 1218 2101 ἀλλήλους
1241 2018 1297 2080 ἰλύι
1319 2022 1428 2106 παχείᾳ
1451 2025 1500 2087 καὶ

251 2121 349 2190 αὐτοῖς
371 2121 445 2203 αῦτη
461 2124 556 2204 ψῦχος
575 2118 706 2203 παρέχει.
741 2120 922 2203 ρινηλατούσι
938 2122 969 2182 δὲ
985 2121 1123 2205 ἰσχυρῶς,
1145 2121 1192 2182 καὶ
1208 2119 1343 2204 άίσθησιν
1359 2124 1499 2210 ὀξυτάτην

251 2222 367 2308 ἔχουσι,
394 2224 442 2286 καὶ
466 2221 594 2307 θηρατάς
617 2221 792 2307 φοβούμενοι
817 2222 890 2284 κατά
912 2226 1029 2307 στοῖχον
1052 2221 1187 2285 ύδεύουσι
1208 2224 1257 2285 καὶ
1280 2224 1427 2306 ὀσμῶνται
1447 2231 1499 2311 τὴν

251 2326 333 2388 πόαν.
378 2327 427 2388 καλ
450 2324 521 2407 ὅγε
543 2329 656 2408 πρῶτος
682 2329 733 2408 τῆς
760 2323 802 2406 (ἐν
828 2325 897 2386 ποσί
923 2323 1008 2407 πόας)
1033 2324 1208 2408 αἰσθόμενος
1234 2327 1282 2388 καὶ
1309 2326 1352 2390 δτι
1380 2331 1500 2414 διῆλθον

209 2445 236 2490 νυ
249 2430 398 2514 ἅνθρωποι
420 2429 453 2491 ἐκ
472 2433 522 2511 τῆς
545 2427 758 2511 παραψαύσεως
780 2429 872 2494 συνεὶς
894 2426 999 2501 αὐτῶν,
1023 2429 1139 2511 ἀνασπᾷ
1157 2428 1210 2511 τὴν
1232 2427 1305 2491 πόαν
1329 2432 1377 2493 καλ
1399 2433 1500 2495 δίδωσι

249 2538 292 2617 τιμ
319 2529 437 2594 κατόπιν
465 2530 672 2614 ὀσφραίνεσθαι
699 2530 746 2591 καλ
775 2530 884 2598 ἐκεῖνος
911 2536 954 2614 τῷ
981 2528 1046 2612 μετ’
1071 2529 1173 2591 αὐτόν·
1208 2532 1255 2593 καλ
1282 2532 1375 2601 ούτως
1402 2535 1454 2617 ἥδε
1482 2537 1501 2618 η

250 2632 392 2701 ἀντίδοσις
414 2632 559 2718 διέρχεται
582 2633 629 2694 καὶ
652 2631 738 2717 μέχρι
761 2637 811 2694 τοῦ
835 2633 1036 2716 οῦραγοῦντος·
1071 2634 1086 2695 ύ
1114 2633 1146 2694 δὲ
1173 2632 1246 2715 μέγα
1269 2635 1428 2720 ἐπηχησεν.
1473 2640 1499 2699 οί

252 2739 285 2800 δέ
308 2740 348 2805 ώς
370 2736 428 2798 ἀπδ
445 2736 629 2818 συνθήματος
651 2735 800 2817 τρέπονται
815 2736 856 2803 εἰς
871 2735 924 2819 ἕλη
947 2736 995 2797 καὶ
1011 2737 1086 2819 δάση
1109 2735 1156 2798 καὶ
1179 2734 1251 2818 άγγη
1273 2737 1322 2798 καὶ
1344 2742 1401 2799 τῶν
1425 2740 1499 2802 ἑλῶν

251 2840 287 2902 τά
309 2839 459 2922 κοιλότερα
480 2839 529 2901 καὶ
551 2836 606 2899 ὅσα
630 2837 726 2920 μέντοι
747 2838 795 2900 καὶ
818 2843 875 2900 τῶν
898 2838 1003 2899 πεδίων
1025 2844 1103 2922 κομᾷ
1125 2841 1184 2906 τοῖς
1206 2838 1336 2918 θάμνοις.
1380 2839 1447 2904 όταν
1472 2843 1497 2904 δ’

201 2997 225 3003 -
228 2995 599 3003 ------,----

199 3079 210 3129 1
239 3076 387 3149 ἡμεροῦται]
411 3075 491 3129 Arist.
510 3077 569 3129 hist.
586 3075 666 3127 anim.
683 3071 730 3127 AI
754 3091 779 3142 p.
792 3073 900 3126 488·28
927 3074 958 3125 τά
981 3072 1006 3125 δέ
1031 3075 1074 3126 καὶ
1098 3074 1250 3145 ἡμεροῦσθαι
1275 3075 1375 3128 δύναται
1400 3077 1478 3147 ταχύ,
1503 3078 1553 3130 οἷον

196 3165 284 3234 ἐλέφας
425 3166 450 3217 έν
468 3162 558 3232 Ἰνδοῖς]
579 3163 634 3215 Αυλ
648 3170 702 3214 παλ.
715 3163 795 3214 aniffl.
808 3161 858 3213 XII
872 3161 905 3212 44
924 3163 960 3229 (p.
974 3160 1201 3227 314‚23-315,5
1220 3163 1342 3227 Ηυινλιυτ)
1367 3165 1392 3215 έν
1410 3161 1490 3222 Ἰνδοῖς
1509 3166 1553 3217 έάν

196 3253 250 3322 ἁλῷ
268 3252 360 3310 τέλειος
379 3251 480 3322 ἐλέφας,
498 3250 660 3320 ημερωθηναι
679 3249 788 3320 χαλεπός
806 3250 856 3300 ἐστι
878 3250 921 3300 καὶ
938 3249 984 3318 τὴν
1003 3247 1141 3320 ἐλευθερίαν
1160 3246 1247 3301 ποθῶν
1265 3255 1337 3320 φονᾷ.
1371 3252 1413 3303 ἐὰν
1431 3251 1457 3304 δὲ
1476 3251 1552 3305 αὑτὸν

196 3342 239 3393 καὶ
252 3340 349 3407 δεσμοῖς
367 3338 494 3408 διαλάβης,
512 3337 548 3389 ἔτι
566 3339 609 3389 καὶ
622 3336 716 3404 μᾶλλον
729 3338 753 3394 ἐς
772 3335 851 3403 θυμὸν
869 3335 1000 3395 ἐξάπτεται
1018 3335 1060 3386 καὶ
1073 3334 1159 3393 δοῦλος
1172 3336 1232 3388 εἶναι
1250 3340 1294 3390 καὶ
1308 3338 1438 3408 δεσμώτης
1456 3338 1553 3402 (δοῦλος

196 3427 256 3480 εἶναι
278 3429 321 3480 καλ
341 3427 461 3496 δεσπότης
478 3427 514 3478 V:
538 3424 657 3494 δεσπότην
676 3425 766 3492 vulgo:
791 3440 855 3476 corr.
871 3424 991 3486 lIercher)
1013 3421 1060 3490 ούχ
1082 3421 1206 3490 ὑπομένει.
1240 3424 1292 3477 ἀλλ’
1308 3427 1331 3478 ολ
1348 3423 1415 3478 Ἰνδοὶ
1436 3426 1480 3478 καλ
1501 3435 1554 3486 ταῖς

196 3519 259 3579 (ταῖς
278 3531 348 3583 susp.
364 3515 487 3577 Hercher)
505 3519 606 3583 τροφαῖς
625 3511 803 3564 κολακεύουσιν
821 3511 895 3563 αὐτὸν
916 3510 959 3562 καλ
981 3509 1100 3568 ποικίλοις
1122 3511 1165 3562 καὶ
1187 3511 1301 3580 έφολκοῖς
1323 3511 1418 3565 δελέασι
1440 3511 1554 3582 πραύνειν

196 3608 337 3672 πειρῶνται,
356 3600 530 3670 παρατιθέντες
548 3598 594 3652 ὅσα
606 3599 697 3669 πληροῖ
714 3597 759 3662 (ὡς
778 3598 888 3669 πληροῦν
903 3598 993 3664 vulgo:
1012 3613 1075 3649 corr.
1089 3598 1210 3660 Hercher)
1229 3598 1275 3666 τὴν
1289 3600 1395 3671 γαστέρα
1415 3599 1458 3651 καλ
1473 3599 1554 3670 θέλγει

195 3688 301 3759 (θέλγειν
319 3690 408 3757 vulgo)
429 3686 472 3740 τὸν
493 3684 581 3754 θυμόν.
610 3687 624 3739 δ
642 3686 668 3739 δὲ
689 3684 794 3757 ἄχθεται
816 3686 898 3743 αῦτοῖς
916 3686 958 3736 καλ
977 3683 1093 3756 ὑπερορᾷ.
1123 3685 1147 3735 τί
1165 3683 1208 3735 οῦν
1226 3686 1314 3737 ἐκεῖνοι
1333 3687 1553 3756 κατασοφίζονταις

195 3783 290 3846 μοῦσαν
308 3775 391 3834 αὐτοῖς
409 3777 570 3845 προσάγουσιν
590 3774 736 3844 ἐπιχώριον,
758 3775 802 3825 καὶ
824 3771 972 3842 κατᾴδουσιν
993 3772 1081 3830 αῦτοῦς
1101 3770 1197 3843 ὀργάνῳ
1215 3773 1262 3824 τινὶ
1280 3773 1324 3824 καὶ
1341 3772 1424 3843 τούτῳ
1443 3774 1553 3845 συνήθει.

195 3864 308 3918 καλεῖται
326 3863 352 3916 δέ
364 3862 497 3932 σκινδαψὸς
516 3862 544 3914 τὸ
563 3861 674 3932 ὄργανον.
702 3861 715 3914 δ
734 3861 760 3914 δὲ
778 3861 864 3929 ῦπέχει
882 3861 913 3911 τά
932 3859 986 3910 ώτα
1004 3863 1047 3911 καλ
1060 3859 1175 3928 θέλγεται
1194 3861 1237 3911 καλ
1249 3860 1265 3929 ἡ
1278 3860 1324 3928 μέν
1337 3859 1398 3930 ὀργὴ
1413 3860 1554 3930 πραύνεται,

197 3951 210 4004 ὀ
229 3952 255 4005 δὲ
273 3950 353 4021 θνμδς
372 3949 547 4004 ύποστελλεταί
559 3968 588 4001 τε
604 3950 647 4001 καὶ
666 3949 803 4019 στόρνυται,
822 3947 888 3998 κατὰ
906 3946 983 4016 μικρὰ
1001 3946 1027 3998 δέ
1046 3948 1089 3998 καὶ
1104 3948 1128 4004 ές
1147 3947 1193 4016 τἠν
1211 3947 1306 4016 τροφὴν
1324 3947 1371 4017 δρᾷ
1459 3950 1475 4001 9
1494 3949 1554 4002 διώ-

195 4039 292 4109 κονται]
315 4039 347 4092 cI.
366 4040 423 4092 Αυλ.
440 4039 493 4091 I.c.
508 4036 612 4090 11111ῦό
638 4040 673 4104 (p.
690 4035 864 4100 164,22-32
882 4035 986 4096 Ηειολι.)
1133 4034 1162 4085 11
1188 4033 1350 4103 διωκόμενος)
1373 4036 1405 4088 τί.
1424 4038 1480 4089 Αελ.
1500 4038 1517 4089 I.
1530 4054 1553 4090 ο.

196 4128 272 4180 VIIG
291 4130 326 4195 (p.
343 4124 544 4193 mmo-173,
552 4123 583 4176 13
602 4125 706 4187 Herch.)
805 4121 835 4174 1ss
855 4120 1048 4190 ένακμάζοντος]
1068 4121 1100 4173 cI.
1118 4121 1175 4174 Αολ
1194 4122 1345 4175 1.c.1xf›6
1365 4126 1400 4190 (p.
1414 4123 1553 4187 237,⁸29-

198 4215 297 4281 238,20
314 4216 419 4277 Hereh.)

196 4439 213 4492 3
237 4438 259 4492 τί
276 4438 354 4492 εἰοθ
478 4436 495 4488 4
518 4437 561 4489 καὶ
579 4437 668 4488 addidi
687 4452 720 4487 ex
738 4435 796 4487 Ael.
919 4432 1068 4505 δουλοσύνην
1088 4434 1121 4486 D:
1146 4434 1267 4504 δεσπότην
1285 4435 1355 4504 vulg.
1372 4435 1440 4487 AeI:
1466 4435 1553 4495 δοῦλος

196 4525 256 4579 εἶναι
274 4526 317 4577 καὶ
336 4524 456 4593 δεσπότης
473 4523 614 4594 (δεσμώτης
632 4524 753 4586 Ηυιελιυι)
767 4524 788 4575 V
802 4524 858 4576 cod.
873 4522 929 4575 Λυλ.
1039 4521 1054 4573 6
1078 4524 1285 4591 κατασοφίζονται
1303 4522 1346 4575 οῦν
1364 4522 1440 4574 αὐτοῦ
1459 4525 1552 4594 scripsi

197 4613 229 4666 cf.
247 4614 316 4665 AeI:
341 4599 531 4681 κατασοφίζεται
549 4610 591 4663 οῦν
610 4610 721 4663 αῦτῶΙ)
852 4609 867 4660 7
892 4608 1024 4678 σκινδαψός
1043 4610 1135 4677 εοιίρεί
1155 4627 1186 4662 ex
1207 4611 1275 4662 AeI.:
1301 4610 1440 4680 οκορδαψός
1460 4613 1481 4664 Ι)

197 4701 212 4753 9
238 4699 362 4757 νοδοῦςθ
474 4698 505 4749 12
531 4697 604 4770 ῥώμη
624 4698 645 4750 Ι)
664 4698 735 4750 Λολε
760 4697 826 4768 ῥύμη
845 4699 941 4750 Jacobs
1050 4698 1173 4767 ἀμηχάνῳ
1191 4699 1213 4749 I)
1232 4698 1304 4750 I01.:
1328 4698 1421 4768 ἀμάχω
1440 4700 1553 4753 Ηειελετ

201 4788 231 4840 19
256 4792 301 4857 της
324 4788 349 4839 έν
370 4787 427 4838 ποολ
448 4786 510 4843 πόας
532 4784 677 4854 αἰσθόμενος
696 4785 767 4837 Λελι
791 4785 827 4842 τίς
848 4784 992 4855 αἰσθόμενος
1011 4786 1032 4838 θ
1175 4784 1207 4836 22
1233 4787 1295 4853 μέγα
1316 4787 1409 4853 scripsi
1430 4804 1461 4840 ex
1481 4789 1551 4842 AeI:

200 4876 315 4952 μέγαςθ
440 4873 474 4927 21
499 4879 617 4942 κοματοῑς
635 4871 740 4941 θάμνοις
759 4873 780 4927 II
