3510 5610
389 317 642 373 ARISTOPHANIS
661 318 845 373 HISTORIAE
865 318 1063 375 ANIMALIUM
1081 322 1228 377 EPITOiiE
1247 324 1377 378 118-14
1520 327 1559 393 37

256 495 333 577 τρεῖς
355 493 566 562 συναπτοόσαις
587 492 736 577 ἀλλήλαις,
759 496 979 577 τριγωνοειδεῖς,
1001 497 1020 578 ή
1044 496 1076 559 δέ
1099 497 1205 581 θήλεια
1226 497 1325 583 κύκλῳ
1348 498 1434 582 μόνον
1458 503 1508 562 τοῦ

256 597 374 679 κρανίου
397 596 448 679 τὴν
473 597 579 681 ῥαφήν,
602 593 691 680 ᾦκαὶ
706 597 876 678 γινώσκεται
897 598 930 660 τδ
952 597 1039 682 θῆλυ.
1076 597 1133 683 ήδη
1158 601 1209 685 μὲν
1224 599 1274 664 οὖν
1297 602 1387 685 ὤφθη
1405 603 1508 685 ἀνδρὸς

258 698 371 783 κεφαλὴ
396 699 436 783 μὴ
460 696 570 784 ἔχουσα
593 699 697 784 ραφήν.
798 698 849 782 (9)
878 701 1056 769 σπονδόλους
1078 702 1110 765 δέ
1132 701 1195 788 ἔχει
1218 703 1284 773 τοὺς
1305 706 1413 774 πάντας
1434 706 1507 767 εἰκο-

256 801 377 877 σιεννέα,
401 801 442 863 ὧν
466 795 556 885 όμὲν
579 804 724 886 τράχηλος
739 802 772 864 ἐκ
789 802 937 886 τεσσάρων
960 803 1129 888 συνέστηκε,
1152 807 1171 889 ή
1194 807 1226 869 δὲ
1242 806 1327 891 ῥάχις
1344 806 1373 875 ἐξ
1388 807 1506 882 εἴκοσιν,

225 906 273 987 σή
297 905 329 967 δέ
353 904 444 989 όσφῖνς
466 905 499 968 ἐκ
521 903 614 967 πέντε.
721 904 795 988 (10)
821 905 945 989 πλευρὰς
966 907 998 969 δὲ
1020 905 1084 992 ἔχει
1106 907 1220 984 δεκαέξ,
1243 908 1380 992 ἐκατέρου
1404 909 1508 994 μέρους

255 1007 333 1087 όκτὼ
356 1007 408 1071 σὺν
430 1011 492 1076 ταῖς
513 1006 679 1088 λεγομέναις
700 1005 800 1075 νόθαις
821 1012 965 1092 πλευραῖς.
1060 1009 1131 1092 (11)
1159 1009 1277 1080 ὀδόντας
1300 1012 1332 1074 δέ
1354 1008 1417 1095 ἔχει
1441 1012 1506 1079 τοὺς

256 1112 365 1179 πάντας
386 1111 599 1194 τριακονταδύο,
622 1110 663 1173 ὧν
686 1110 787 1179 δεκαὲξ
809 1110 870 1174 άνω
893 1112 941 1174 καὶ
965 1110 1020 1175 ίσοι
1043 1113 1136 1175 κάτω·
1164 1114 1191 1175 οί
1214 1113 1246 1177 δὲ
1268 1113 1374 1182 αὐτοὺς
1389 1114 1506 1196 άραιοὺς

258 1211 376 1298 ἔχοντες
398 1213 598 1298 ὀλιγοχρόνιοι,
621 1213 701 1298 φησί.

338 1316 411 1399 (12)
444 1317 592 1402 Διοιχθεὶς
618 1317 650 1380 δέ
677 1316 834 1401 ἐγκέφαλον
861 1314 924 1402 ἔχει
953 1318 1104 1402 ὑγρότερον
1132 1320 1180 1381 καὶ
1209 1320 1325 1403 μείζονα
1352 1323 1409 1382 τῶν
1436 1316 1503 1382 καθ’

215 1437 244 1479 10
258 1421 360 1483 ἐαυτδν
383 1418 478 1505 ζῴων.
524 1421 588 1504 περὶ
610 1419 642 1483 δέ
671 1423 770 1481 τοῦτον
800 1420 876 1503 ὑμήν
899 1420 959 1484 ἐστι
987 1422 1155 1504 δερματικδς
1183 1421 1215 1490 ὃς
1239 1425 1367 1485 καλεῖται
1395 1421 1504 1505 μήνιγξ.

254 1521 318 1609 ἔχει
340 1523 373 1587 δὲ
395 1524 446 1607 τήν
468 1522 625 1605 λεγομένην
648 1522 880 1607 παρεγκεφαλιδα
903 1521 988 1604 μόνος
1012 1525 1027 1585 ό
1047 1523 1210 1608 ἅνθρωπος,
1232 1527 1295 1610 ήτις
1317 1526 1429 1610 ἐσχάτη
1452 1529 1502 1588 τοῦ

254 1626 415 1710 ἐγκεφάλου
442 1631 549 1701 κεῖται,
576 1625 663 1710 μέρος
688 1624 778 1688 αὐτοῦ
805 1622 886 1688 οὖσα.
932 1623 993 1689 ἔστι
1022 1627 1055 1689 δέ
1082 1627 1097 1688 ό
1126 1627 1284 1711 ἐγκέφαλος
1311 1625 1431 1709 ἄναιμος
1457 1628 1504 1690 καὶ
1551 1684 1560 1702 ,

247 1726 462 1812 ’θιγγανόμενος
483 1733 534 1791 τοῦ
556 1727 713 1811 ἀνθρώπου
737 1730 845 1798 ζῶντος
866 1727 987 1813 ψυχρός.
1090 1728 1161 1811 (13)
1188 1731 1300 1810 γλῶττα
1324 1728 1395 1813 σὰρξ
1417 1731 1504 1813 μανή,

254 1831 291 1914 ής
317 1831 350 1893 τδ
377 1829 464 1915 ἄκρον
491 1831 736 1913 αἰσθητικώτερον
764 1833 814 1891 τοῦ
843 1829 947 1913 μέσου·
981 1829 1043 1894 εἶτα
1068 1833 1087 1915 ή
1114 1831 1303 1916 ἐπιλεγομένη
1325 1832 1504 1913 ἐπιγλωττίς·

213 1950 242 1994 15
253 1933 444 2020 προσπέφυκε
465 1933 498 1996 δέ
520 1931 611 2015 ταότη
635 1934 651 1995 ό
678 1931 832 2016 λεγόμενος
858 1933 1021 2018 οἰσοφάγος.
1065 1934 1179 2018 εἰλήφει
1201 1932 1226 1998 δ’
1247 1933 1330 2002 οὖτος
1354 1935 1405 2017 τὴν
1429 1935 1505 2016 όμω-

254 2039 355 2121 νυμίαν
379 2037 438 2099 ἀπδ
461 2038 511 2099 τοῦ
532 2036 597 2118 περὶ
619 2034 705 2098 αὐτόν
722 2037 833 2119 μήκους
854 2035 970 2120 καὶτῆς
991 2035 1168 2119 στενότητος.
1247 2035 1319 2119 (14)
1341 2033 1505 2120 ἔμπροσθεν

253 2143 287 2204 δὲ
307 2144 359 2203 τοῦ
382 2137 537 2223 λεγομένου
560 2137 718 2222 οἰσοφάγον
741 2139 760 2221 ἡ
783 2138 924 2223 λεγομένη
947 2143 1068 2224 τραχεῖα
1091 2139 1212 2224 ἀρτηρία
1238 2142 1329 2226 κεῖται
1355 2140 1402 2202 καὶ
1429 2137 1503 2220 αὐτὴ

256 2244 308 2327 τήν
331 2242 427 2326 ἀρχὴν
454 2239 566 2326 ἔχουσα
594 2240 650 2303 άπδ
679 2245 731 2323 τῆς
759 2240 972 2323 ἐπιγλωττίδος,
1000 2240 1061 2304 ἅνω
1088 2243 1121 2304 δέ
1148 2244 1256 2324 μᾶλλον
1284 2241 1407 2304 νεόουσα
1432 2240 1506 2303 κατὰ

201 2491 263 2543 hist.
276 2491 356 2542 anim.
370 2487 392 2541 Α
407 2489 422 2540 'i
444 2505 469 2556 p.
482 2487 574 2541 491b2
598 2489 649 2558 ἔχει
667 2488 693 2541 δὲ
713 2488 791 2560 ῥαφὰς
809 2487 849 2554 (τὸ
867 2490 976 2559 κρανίον)
994 2496 1046 2542 τῶν
1064 2490 1109 2558 μέν
1127 2496 1251 2559 γυναικῶν
1270 2489 1328 2557 μίαν
1346 2487 1447 2556 κόκλιρ,
1465 2495 1517 2540 τῶν
1535 2487 1554 2541 δ’

199 2577 297 2647 ἀνδρῶν
314 2581 381 2645 τρεῖς
396 2577 430 2633 είς
448 2575 474 2626 ἐν
493 2575 661 2635 συναπτοόσας
680 2576 715 2635 ri<
731 2578 771 2629 ἐπὶ
784 2576 812 2629 τὸ
831 2577 908 2629 πολό·
930 2577 978 2646 ήδη
997 2575 1016 2629 δ’
1030 2576 1136 2646 ὠμμένη
1156 2577 1207 2629 ἐστὶ
1225 2575 1324 2646 κεφαλὴ
1337 2576 1423 2646 ἀνδρὸς
1442 2576 1558 2645 οὐδεμίαν

199 2666 293 2736 ἐχουσα
312 2664 402 2736 ραφήν
433 2659 481 2714 ΓΊ
502 2679 527 2729 p.
541 2663 649 2717 5161118
672 2663 701 2716 τὸ
721 2665 766 2732 μὲν
787 2662 852 2734 θήλυ
871 2663 959 2734 κόκλιμ
979 2665 1030 2735 ἔχει
1048 2665 1094 2734 τὴν
1114 2664 1203 2735 βαφήν,
1221 2664 1251 2717 τὸ
1270 2663 1289 2716 δ’
1305 2665 1377 2734 άρρεν
1395 2672 1459 2734 τρεῖς
1479 2664 1558 2735 ῥαφὰς

199 2752 298 2805 ἄνωθεν
316 2749 497 2815 αιναπτοόσας,
516 2751 704 2821 τριγωνοειδιῖς·
723 2752 777 2822 ’ήδη
795 2752 815 2804 δ’
832 2749 908 2822 ὤφθη
919 2737 971 2805 ικαὶ
989 2751 1076 2820 ἀνδρὸς
1094 2750 1192 2822 κεφαλὴ
1211 2752 1258 2804 οθκ
1277 2752 1369 2822 ἔχουσα
1389 2752 1467 2823 ῥαφάς

200 2842 217 2894 3
240 2838 401 2908 σπονδὺλαυς]
421 2854 476 2891 non
493 2842 555 2891 sunt
573 2839 740 2893 Aristotelian
881 2839 897 2893 5
920 2839 1037 2910 πλευρὰς]
1057 2841 1138 2892 Arist.
1154 2839 1172 2890 l.
1185 2855 1208 2890 c.
1222 2837 1244 2892 λ
1258 2839 1288 2892 15
1306 2856 1331 2907 p.
1343 2839 1452 2891 493114
1475 2839 1557 2891 κοινὸν

200 2929 290 3003 birci
309 2927 362 2979 ἅνω
385 2926 429 2979 καὶ
453 2927 536 2979 κάτω
549 2924 687 2997 (θώρακος)
709 2925 824 2997 πλευραί,
847 2924 1004 2997 ἑκατέρωθεν
1028 2927 1098 2979 ὀκτώ
1239 2927 1254 2978 ’1
1278 2925 1387 2995 άραιοδς]
1407 2926 1487 2978 Arist.
1505 2926 1521 2978 l.
1535 2942 1557 2978 c.

200 3013 252 3069 33
274 3032 300 3082 p.
315 3014 424 3067 5011122
448 3012 499 3067 δσοι
521 3014 548 3067 is
571 3013 669 3073 πλείους
687 3015 785 3085 έχουσι,
808 3015 1007 3086 μακροβιώτεροι
1026 3014 1061 3073 ὡς
1079 3015 1119 3066 ἐπὶ
1141 3013 1170 3067 τό
1191 3013 1254 3066 πολό
1272 3015 1343 3082 εἰσιν,
1366 3014 1388 3065 oi
1406 3011 1425 3065 δ’
1441 3012 1558 3073 ἐλάττους

202 3104 245 3155 καὶ
264 3101 419 3173 ἀραιόδοντες
440 3100 476 3159 ὡς
494 3102 535 3155 ἐπὶ
554 3101 584 3154 τὸ
601 3100 665 3153 πολὺ
684 3102 888 3172 βραχυβιόντεροι.
920 3103 951 3156 cf.
969 3101 991 3155 Α
1007 3102 1055 3154 109
1197 3101 1212 3152 θ
1237 3100 1384 3170 ἐγκέφαλον]
1404 3101 1483 3153 Arist.
1496 3102 1557 3154 hist.

200 3192 280 3244 anim.
295 3187 360 3242 Ale
379 3205 405 3258 p.
417 3188 527 3242 494b28
551 3186 654 3258 μέγεθος
676 3187 695 3240 δ’
711 3188 804 3258 δμοίως
825 3190 878 3261 ἔχει
899 3188 1031 3258 ἄνθρωπος
1053 3189 1165 3241 πλεῖστον
1189 3187 1326 3257 ἐγκέφαλον
1348 3191 1392 3241 καὶ
1414 3188 1556 3258 ἱνγρότατον.

200 3279 232 3331 ci.
251 3279 284 3330 dc
302 3276 413 3330 sensu5
431 3293 458 3348 p.
471 3275 588 3328 444230.
615 3274 853 3343 part.a11im.B14
871 3293 896 3344 ρ.
908 3277 999 3330 65818
1111 3276 1143 3329 10
1166 3276 1219 3345 περὶ
1237 3275 1263 3327 δὲ
1282 3275 1381 3344 τοῦτον]
1401 3277 1482 3329 Arist.
1496 3278 1556 3329 hist.

198 3367 278 3418 anim.
291 3361 314 3417 A
328 3364 358 3415 16
377 3379 403 3432 p.
415 3363 504 3417 495·7
527 3363 543 3433 ἡ
562 3363 587 3415 δέ
606 3364 661 3433 περὶ
678 3362 753 3416 αὑτὸν
772 3363 860 3434 μῆνιγξ
879 3363 1024 3434 φλεβώδης·
1046 3364 1097 3416 ἐστι
1115 3362 1134 3416 δ’
1150 3362 1216 3433 δμην
1234 3362 1382 3432 δερματικός
1400 3364 1416 3433 η
1435 3364 1523 3433 μῆνιγξ
1543 3363 1556 3416 ό

197 3454 321 3522 περιέχων
338 3449 381 3503 τόν
400 3448 537 3519 ἐγκέφαλον
681 3451 709 3501 11
734 3450 944 3523 παρεγκεφαλίδα]
968 3453 1047 3505 Arist.
1063 3452 1080 3503 l.
1094 3469 1115 3504 c.
1135 3469 1160 3520 p.
1174 3450 1281 3503 4941231
1308 3451 1352 3502 καὶ
1373 3451 1412 3502 ἐπὶ
1430 3449 1556 3520 τοότουή

198 3539 342 3609 καλουμένη
362 3536 543 3606 παρεγκιφαλὶς
562 3537 668 3607 ἔσχατον
782 3541 814 3592 12
838 3539 975 3609 ἐγκέφαλος
993 3538 1108 3607 ἄναιμος]
1131 3539 1211 3591 Arist.
1229 3538 1246 3589 Ι.
1260 3554 1282 3590 c.
1301 3554 1326 3605 p.
1339 3538 1430 3590 49524
1454 3539 1556 3604 ἄναιμος

196 3626 220 3681 δ’
242 3627 256 3680 ό
280 3624 419 3695 ἐγκέφαλος
442 3624 518 3677 ἅπασι
542 3626 585 3677 καὶ
611 3624 728 3693 οὐδεμίαν
752 3627 819 3698 έχων
848 3628 873 3680 ἐν
900 3627 970 3697 circi
997 3626 1091 3696 φλέβα,
1118 3627 1162 3679 καὶ
1187 3623 1363 3694 θιγγανόμινος
1391 3626 1457 3677 κατὰ
1483 3625 1555 3694 φόσιν

196 3714 292 3785 ψυχρός
454 3712 485 3764 13
509 3711 621 3781 γλῶττα]
639 3713 720 3766 Arist.
737 3714 754 3765 Ι.
768 3730 790 3767 υ.
803 3712 824 3767 Α
839 3715 868 3767 11
889 3731 915 3782 ρ.
927 3714 1036 3768 4921133
1061 3714 1113 3766 ἐστι
1134 3711 1158 3765 δ’
1176 3714 1193 3783 η
1215 3711 1316 3782 γλῶττα
1339 3712 1399 3782 σὰρξ
1422 3713 1489 3782 μανή
1512 3713 1556 3765 καὶ

196 3803 282 3873 σομφή
410 3801 442 3852 14
466 3798 496 3869 ἧς
513 3798 542 3851 τὸ
561 3799 649 3868 άκρον]
668 3801 749 3854 Arist.
766 3801 783 3852 Ι.
796 3818 818 3854 c.
838 3818 863 3869 p.
876 3802 985 3854 4921227
1008 3800 1062 3872 ἡδ’
1077 3799 1189 3870 αἴσθησις
1207 3801 1233 3854 ἐν
1251 3807 1288 3869 τῷ
1307 3799 1378 3870 άκρῳ
1503 3800 1554 3852 ἐπι-

196 3890 315 3959 γλωττίς]
332 3889 414 3941 Arist.
431 3889 481 3941 1ο.
499 3903 524 3954 p.
534 3885 643 3940 4921234
663 3888 755 3958 ταότης
774 3892 829 3960 (τῆς
847 3889 971 3960 γλώττης)
989 3908 1013 3942 τι
1025 3891 1100 3959 μέρος
1115 3887 1260 3958 ἐπιγλωττίς
1364 3886 1394 3938 15
1413 3886 1554 3956 οἰσοφάγος]

197 3981 278 4031 Arist
295 3978 313 4028 1.
325 3993 349 4030 c.
362 3974 384 4029 Α
397 3976 427 4028 16
446 3993 472 4043 p.
484 3974 593 4028 495a18
616 3975 684 4033 ἐντός
702 3976 728 4029 δὲ
745 3981 790 4029 τοῦ
809 3977 914 4047 αὐχένος
932 3976 947 4029 ό
962 3995 989 4029 τε
1008 3977 1139 4046 οίσοφάγος
1157 3974 1312 4044 καλούμενός
1331 3975 1405 4039 ἐστιν,
1423 3974 1490 4044 ἔχων
1508 3975 1555 4044 την

196 4065 341 4132 ἐπωνυμίαν
359 4062 408 4116 ἀπὸ
426 4067 471 4115 τοῦ
489 4062 587 4132 μήκους
605 4064 712 4132 καὶτῆς
730 4065 884 4134 στενότητος,
902 4067 947 4117 καὶ
964 4065 979 4134 ἡ
999 4065 1103 4133 ἀρτηρία
1212 4063 1243 4115 l‘i
1267 4060 1384 4132 ἀρτηρία]
1404 4063 1484 4114 Arist.
1502 4063 1518 4114 l.
1532 4078 1554 4114 c.

196 4151 340 4221 piiss-24
359 4158 438 4204 κεῖται
455 4148 475 4202 δ’
491 4150 531 4201 ἐπὶ
549 4150 594 4217 μὲν
611 4151 643 4202 τὰ
661 4151 714 4202 άνω
732 4151 794 4221 πρὸς
811 4152 841 4205 τὸ
859 4153 940 4220 στόμα
958 4152 1025 4203 κατὰ
1042 4152 1089 4221 τὴν
1105 4152 1199 4205 ἐκτῶν
1217 4150 1355 4219 μυκτήρων
1374 4147 1502 4219 σόντρησιν
1520 4149 1555 4207 εἰς

196 4240 225 4293 τὸ
242 4240 337 4308 στόμα,
359 4235 376 4309 γ)
395 4239 438 4290 καὶ
456 4235 514 4290 όταν
533 4237 641 4295 πίνοντες
664 4239 825 4292 ἀνασπάσωσί
844 4257 868 4291 τι
891 4242 935 4291 τοῦ
959 4241 1050 4303 ποτοῦ,
1073 4245 1153 4308 χωρεῖ
1174 4238 1204 4290 ἐκ
1227 4241 1272 4289 τοῦ
1295 4237 1417 4305 στόματος
1439 4236 1479 4288 διὰ
1501 4243 1553 4288 τῶν

196 4329 334 4398 μυκτήρων
353 4324 403 4386 ‘is’

200 4552 210 4602 1
235 4551 411 4620 τριγωνοειδεῖς
428 4551 521 4618 scripsi
539 4567 572 4603 cx
590 4549 685 4604 cirisi:
707 4548 882 4620 γωνοειδεῖςΙ)
990 4547 1077 4619 κόκλιρ
1097 4548 1200 4617 scripsi:
1224 4546 1319 4599 κόκλον
1337 4547 1359 4600 D
1467 4548 1483 4600 2
1505 4549 1551 4619 τὴν

198 4639 279 4710 ῥαφὴν
297 4639 404 4707 scripsi:
427 4641 461 4708 τη
480 4637 587 4710 pappi)
676 4637 692 4690 3
718 4636 899 4695 σπυνδίλουςθ
990 4637 1114 4695 Ίαθτοδς
1132 4637 1236 4703 scripsi:
1260 4635 1356 4693 τοὺςΙ)
1449 4635 1480 4687 10
1496 4641 1552 4688 τοῦ·

197 4744 239 4778 τον
256 4727 364 4795 scripsi:
387 4724 524 4778 τοότωνΙ)
639 4723 752 4794 μῆνιξΙ)
870 4725 899 4776 11
926 4723 981 4794 παρ’
997 4723 1185 4794 ἐγκτφαλίδαλ)
1303 4721 1335 4775 13
1359 4722 1425 4792 μανή
1445 4725 1550 4791 scripsi:

197 4813 301 4883 μόνηΙ)
418 4812 449 4865 15
473 4812 635 4882 θσοφάγοςΙ)
746 4813 776 4864 16
801 4810 875 4864 αὐτόν
893 4813 998 4880 scripsi:
1024 4810 1125 4863 αθτδθ
1235 4809 1265 4861 17
1289 4808 1454 4880 ι’νσοφάγουῑ)
1478 4812 1551 4865 iicm·

199 4916 247 4970 quc
263 4916 291 4969 p.
303 4899 370 4967 38,3
497 4900 529 4954 18
552 4900 644 4971 ἔχουσα
663 4901 768 4971 scripsi:
795 4899 887 4972 ἕχει1)
1556 4898 1558 4903 ’
