3510 5610
200 303 243 370 46
599 320 604 329 .
739 304 912 359 narseum
931 286 1024 358 11111

254 475 328 539 dum
351 479 500 542 uirtutem
522 478 619 543 uitale
641 478 773 542 materia
797 485 968 562 separatos;
995 499 1051 563 per
1078 487 1208 562 utraque
1235 485 1340 543 autem
1367 475 1507 542 animam
1525 490 1574 550 sot

255 579 413 645 uiuentem
437 581 660 665 incorporalem
682 581 781 645 uitam
804 588 835 645 θῖ
857 581 1035 664 corporibus
1056 589 1240 666 separatam.
1285 582 1422 664 sicergo
1445 581 1548 644 colera
1604 563 1611 577 ’

192 735 195 742 .
254 681 427 765 ligandum:
461 684 681 769 philosophans
713 684 818 748 anima
845 691 877 748 et
905 705 938 748 se
965 684 1064 768 ipsam
1093 685 1249 768 cognoscit
1277 693 1309 747 et
1330 704 1411 767 quae
1432 691 1509 747 sunt

254 791 327 848 ante
349 807 381 850 se
403 789 546 870 separata
568 786 759 871 corporibus:
784 807 875 851 omne
896 808 928 850 se
950 787 1051 871 ipsum
1075 807 1259 870 cognoscens
1279 792 1310 851 ct
1320 786 1507 870 corporibus
1551 824 1555 833 =

225 895 408 970 sseparata,
435 910 489 974 per
514 911 547 953 se
569 889 671 973 ipsum
694 888 821 972 quidem
842 873 1023 972 cognoscere
1044 889 1236 974 incorporale
1260 895 1320 968 est,
1349 910 1405 974 per
1432 910 1506 953 uero

251 999 396 1075 separata
411 992 587 1076 corporibus
609 998 655 1055 est
670 997 860 1076 separatum:
883 992 978 1075 igitur
1000 991 1219 1076 philosophans
1234 991 1340 1054 anima
1356 997 1387 1055 et
1402 991 1503 1055 incor-

211 1093 367 1175 ·'poralis
393 1101 440 1158 cst
466 1101 497 1158 et
523 1102 665 1179 separata
696 1093 886 1179 corporibus,
921 1100 968 1158 ct·
984 1099 1206 1176 consequenter
1239 1114 1338 1176 neque
1371 1093 1506 1157 soluitur

252 1214 353 1277 neque
381 1217 452 1263 cum
478 1198 655 1282 corporibus
681 1197 770 1282 perit.
816 1196 963 1279 quoniam
996 1197 1102 1280 itaque
1133 1216 1223 1260 omne
1250 1197 1333 1280 quod
1359 1204 1531 1280 separatas

253 1297 407 1380 cognoscit
428 1304 460 1362 et
481 1319 529 1378 se,
554 1299 586 1363 id
608 1299 711 1384 ipsum
733 1307 780 1364 est
802 1308 833 1364 et
855 1318 1055 1365 conversum:
1079 1299 1173 1382 igitur
1198 1299 1231 1362 in
1252 1321 1285 1363 se
1308 1300 1411 1384 ipsum
1438 1321 1504 1365 om·
1529 1308 1536 1319 '

215 1400 327 1464 mnino
350 1406 396 1464 est
421 1408 607 1486 separatum.
651 1423 713 1467 non
741 1403 825 1478 enim
850 1407 953 1487 potest
979 1423 1051 1467 cum
1077 1422 1203 1486 corpore
1230 1403 1360 1466 candem
1387 1403 1504 1468 habere

141 1577 147 1590 .
253 1502 474 1588 operationem,
497 1501 572 1568 dum
593 1505 719 1571 nonsit
741 1505 866 1570 omnino
888 1504 927 1568 ad
950 1526 982 1569 se
1004 1505 1105 1589 ipsum
1128 1524 1320 1568 conversum.
1365 1506 1410 1569 sic
1432 1526 1504 1590 ergo

206 1605 212 1618 '
252 1612 408 1689 apertum:
431 1607 590 1672 rationalis
612 1608 717 1672 anima
739 1614 881 1691 separata
903 1612 950 1672 θεῖ
971 1615 1007 1672 ut
1029 1608 1068 1672 ad
1090 1628 1122 1672 se
1145 1607 1245 1692 ipsam
1265 1627 1424 1673 conuersa.
1469 1617 1503 1673 et

252 1729 307 1792 per
328 1708 390 1772 alia
412 1730 534 1793 quoque
556 1709 647 1793 plura
662 1709 840 1794 ostenditur
849 1716 1021 1793 segregatas
1036 1708 1230 1793 operationes
1245 1728 1370 1795 corpore
1386 1710 1503 1775 habere

252 1810 401 1890 animam,
424 1811 554 1894 aliisque
576 1832 630 1896 per
651 1832 795 1876 somnum
817 1812 1037 1896 apparentibus
1056 1817 1088 1875 et
1102 1833 1194 1896 super
1208 1813 1312 1877 futuro
1328 1819 1360 1877 et
1375 1814 1503 1891 omnino
1516 1830 1543 1871 ιο

212 1929 239 1974 15
251 1913 331 1993 aliis,
354 1921 385 1978 et
407 1915 480 1996 quia
503 1934 630 1998 corpore
650 1915 799 1998 uigilante
821 1913 1065 1980 illuminationes
1087 1915 1116 1978 ei
1137 1916 1217 1978 fiunt
1238 1915 1415 1979 diuinarum
1432 1936 1504 2001 opo·

252 2018 408 2081 rationum
430 2017 519 2100 quasi
540 2016 734 2081 familiariter
755 2017 883 2082 habenti
905 2018 1032 2095 adeas,
1063 2007 1095 2081 et
1120 2017 1300 2101 prophetiae
1326 2019 1504 2083 futurorum

251 2120 329 2185 nihil
351 2141 467 2186 sensus.
483 2119 535 2183 uel
557 2119 762 2203 corporalium
783 2120 955 2204 indigentes
981 2120 1234 2206 phantasmatum
1262 2120 1317 2184 sed
1342 2122 1502 2206 propriam

252 2222 409 2305 quandam
424 2229 457 2287 et
471 2229 644 2307 separatam
666 2223 790 2287 omnino
813 2244 939 2307 corpore
962 2223 1169 2307 operationem
1193 2223 1316 2286 animae
1339 2223 1411 2289 inde
1432 2245 1504 2308 pro·

252 2326 398 2390 cedentis.
441 2326 468 2389 si
490 2331 595 2389 autem
618 2331 649 2388 et
671 2325 804 2389 essentia
826 2333 858 2390 et
878 2324 1140 2390 intellectualibus
1162 2325 1393 2409 operationibus
1415 2347 1504 2411 sepa-

210 2443 238 2487 ao
250 2436 324 2493 rata·
341 2448 466 2512 corpore
488 2428 603 2507 anima,
626 2427 698 2491 huic
718 2448 840 2511 quoque
855 2429 980 2492 omnino
997 2447 1186 2510 consequens
1202 2436 1248 2491 est
1262 2416 1503 2514 incompositum

252 2539 284 2596 et
304 2530 438 2614 simplex
461 2539 492 2594 et
514 2513 678 2611 uniforme,
700 2551 735 2595 co
758 2530 839 2614 quod
862 2550 1024 2614 corporum
1047 2529 1171 2612 quidem
1187 2531 1367 2615 compositio
1383 2553 1423 2596 ex
1437 2553 1504 2597 ma·
1517 2550 1545 2592 ao
1574 2569 1576 2573 .

252 2634 333 2698 teria
355 2641 385 2697 et
408 2633 516 2713 forma,
537 2632 569 2697 id
593 2640 639 2697 cst
655 2634 877 2698 elementorum
893 2632 1143 2721 conformationis
1159 2635 1434 2718 contemperantia,
1455 2629 1505 2701 in-

252 2736 417 2820 corporalis
445 2735 518 2800 uero
544 2736 718 2800 substantia
744 2735 792 2799 his
817 2736 1037 2820 superponitur
1058 2742 1089 2798 et
1112 2733 1187 2798 dum
1208 2735 1325 2820 sit‘per
1346 2758 1378 2801 se
1401 2737 1501 2822 ipsam

252 2838 415 2903 uniformis
436 2845 469 2901 ct
489 2858 551 2901 non
573 2838 673 2902 mixta
694 2859 749 2922 per
763 2838 928 2902 essentiam
944 2838 1022 2917 aliis,
1044 2837 1170 2921 pulchre
1187 2837 1429 2923 incorruptibilis
1444 2849 1501 2906 est.

210 2959 237 3003 ar
250 2943 277 3006 si
299 2943 385 3006 enim
406 2962 498 3006 omne
520 2941 725 3025 compositum
746 2940 887 3021 solubile,
910 2940 992 3023 quod
1014 2950 1120 3005 autem
1141 2939 1273 3004 solubile
1296 2949 1327 3006 θῖ
1349 2944 1502 3026 corrupti-

251 3047 329 3126 bile,
358 3043 545 3127 relinquitur
572 3044 708 3107 animam
734 3043 970 3127 incompositam
999 3042 1183 3106 existentem
1210 3062 1311 3125 neque
1338 3044 1503 3110 solubilem

253 3170 318 3213 esse
340 3168 442 3231 neque
465 3145 711 3230 corruptibilem,
740 3146 794 3210 sed
816 3145 1082 3230 incorruptibilem
1106 3151 1142 3208 ut
1163 3143 1349 3228 simplicem:
1383 3169 1422 3212 ex
1444 3150 1504 3212 hac

252 3257 358 3317 autem
380 3250 562 3314 necessitate
584 3249 713 3312 rationis
735 3255 767 3312 et
788 3249 1006 3313 immortalem.
1051 3256 1083 3312 et
1104 3247 1134 3310 id
1162 3247 1261 3331 ipsum
1289 3248 1502 3315 differentibus
1515 3268 1544 3310 ao

252 3354 378 3438 quidem
401 3360 561 3416 ostensum
584 3357 631 3414 est
653 3350 692 3414 ab
714 3351 762 3415 his
784 3351 838 3434 qui
861 3352 893 3414 in
916 3351 991 3414 haec
1012 3350 1136 3414 solliciti
1165 3357 1253 3413 crant
1277 3350 1501 3418 instrumentis.

198 3611 231 3666 25
250 3611 283 3664 cl.
302 3610 376 3664 Plato
394 3610 490 3663 Phaed.
508 3608 570 3662 780

199 3754 554 3769 -A---.-..—--.-
568 3760 597 3765 ...-

161 3860 164 3866 ’
196 3847 227 3906 4’
238 3870 328 3920 graece
340 3853 393 3918 suit
416 3858 465 3904 πᾶν
482 3850 512 3903 τὸ
531 3849 603 3902 ἑαυτὸ
626 3854 698 3902 νοοῦν
717 3851 760 3902 καὶ
780 3849 812 3901 τὰ
831 3849 959 3918 σωμάτιον
981 3850 1095 3923 χωριστὰ
1112 3850 1178 3902 κατὰ
1200 3851 1245 3916 μὲν
1263 3851 1292 3903 τὸ
1311 3852 1383 3904 ἑαυτὸ
1406 3860 1471 3907 νοεῖν
1489 3856 1556 3909 ἀσώ-

197 3941 276 4009 ματόν
295 3941 354 4003 ἐστι,
372 3934 483 3992 κατᾶ’δὲ
501 3937 530 3990 rb
548 3938 580 3990 τὰ
597 3937 710 4010 χωριστὰ
733 3938 859 4004 σωμάτων
878 3937 929 3988 ἐστὶ
947 3936 1070 4008 χωριστόν
1193 3937 1209 3988 8
1235 3957 1324 4006 graece
1336 3941 1389 4003 sirit
1407 3940 1493 4013 ἐπειδὴ
1512 3942 1556 3995 οὖν

196 4034 246 4081 πᾶν
264 4027 293 4080 rb
310 4028 343 4079 τὰ
360 4026 472 4098 χωριστὰ
490 4029 562 4087 νοοῦν
582 4027 625 4077 καὶ
643 4024 717 4077 ἑαυτὸ
735 4024 764 4076 τὸ
783 4024 844 4076 αὐτό
863 4024 913 4076 ἐστι
932 4025 976 4076 καὶ
994 4024 1028 4081 οῖς
1046 4023 1119 4076 ἑαυτὸ
1137 4025 1295 4096 ἐπιστρέφον,
1312 4026 1341 4078 τὸ
1359 4027 1393 4086 εἰς
1412 4028 1488 4082 ἑαυτὸ
1507 4021 1561 4101 ἄρα’

196 4115 342 4186 ἐπιστρέφον
360 4112 490 4170 παντελῶς
507 4112 558 4165 ἐστι
576 4112 698 4185 χωριστόν
816 4112 848 4166 10
866 4112 974 4165 eandem
996 4111 1074 4163 01111
1093 4130 1145 4163 ras.
1263 4114 1295 4167 13
1313 4115 1408 4168 habere
1427 4117 1564 4187 unimam]

197 4219 236 4256 -re
254 4204 366 4255 animam
388 4200 424 4254 Gt
441 4201 465 4251 ιἰι
484 4219 534 4251 rus.
629 4201 659 4252 14
679 4200 789 4268 aliisque
808 4201 926 4251 inlitora
949 4199 971 4250 G
991 4198 1018 4265 (3
1038 4199 1083 4250 lia.
1097 4199 1200 4266 elatae):
1216 4219 1306 4267 graece
1318 4203 1382 4269 sort.
1394 4204 1449 4268 suit
1468 4204 1555 4257 ἄλλων

196 4307 225 4342 τε
242 4288 305 4343 καθ’
325 4287 402 4342 ὕπνον
420 4289 578 4358 φαινομένων
597 4289 640 4340 καὶ
657 4287 713 4358 περὶ
730 4292 775 4339 τοῦ
793 4285 927 4355 μέλλοντος
944 4287 988 4339 καὶ
1006 4283 1072 4343 ὅλως
1089 4285 1190 4356 ἀδήλων
1274 4288 1305 4340 l'l
1324 4288 1509 4344 fantasmatum
1532 4287 1555 4345 G

199 4378 231 4431 18
258 4379 337 4429 nescio
361 4396 394 4428 αα
415 4394 504 4445 graece
521 4376 604 4442 fucrit
627 4373 683 4426 ἀλλ’
710 4373 803 4426 οἰκείαν
825 4374 879 4426 τινὰ
902 4375 944 4426 καὶ
966 4374 1094 4447 χωριστὴν
1117 4374 1233 4442 σώματος
1255 4374 1376 4447 ἐνέργειαν
1399 4382 1446 4447 τῆς
1470 4380 1555 4450 ψυχῆς

198 4466 303 4519 αὐτόθεν
321 4463 446 4538 προῖείαης
546 4465 576 4516 19
595 4460 720 4530 essentia]
739 4479 772 4514 cx
790 4463 902 4515 essentia
925 4461 959 4512 G¹
1049 4462 1082 4513 2⁸2
1101 4463 1279 4514 alimentorum
1300 4466 1322 4515 0
1341 4465 1375 4531 (et
1394 4467 1432 4514 sic
1446 4468 1553 4534 praesim)

198 4555 231 4608 23
250 4561 276 4607 et
294 4573 338 4605 om.
361 4553 395 4602 0Ῑ
502 4551 535 4602 111
554 4549 772 4618 incorruptibilis]
792 4550 843 4602 -bi-
866 4549 901 4601 0²
919 4552 942 4599 ιἰι
963 4569 1013 4600 rar.
1119 4549 1152 4601 25
1176 4549 1295 4613 solubile,
1314 4553 1382 4619 quod
1402 4559 1487 4605 autem
1508 4574 1553 4605 om.

200 4643 266 4694 Gia
285 4654 350 4693 textu
460 4638 493 4690 ‘27
521 4641 551 4689 ut
572 4637 606 4689 G:
626 4642 652 4690 et
670 4637 734 4687 HM
843 4635 876 4688 28
903 4649 1013 4700 punctam
1030 4648 1085 4705 post
1104 4637 1271 4689 immortalem
1291 4639 1377 4690 addidi
1483 4645 1509 4693 et
1528 4643 1555 4694 irl

197 4732 283 4798 ipsum
302 4728 338 4780 6²
356 4730 380 4778 ιἰι
399 4743 462 4777 raa:
481 4743 570 4790 praece
582 4727 646 4792 sort.
660 4727 714 4789 suit
732 4725 775 4776 καὶ
788 4724 818 4777 rb
831 4724 891 4776 αὐτὸ
911 4723 937 4776 δὲ
949 4724 1138 4802 διαφόροιςμὲν
1152 4723 1274 4776 δέδεικται
1292 4724 1339 4777 barb
1356 4731 1409 4778 τῶν
1428 4727 1555 4785 ε1ςταῦτα

197 4815 391 4890 ἀοχοληθίντιυν
410 4821 584 4872 κατασκευαῖς.
615 4819 679 4882 τρεῖς
697 4812 719 4865 δ’
742 4812 800 4864 cloto
819 4811 967 4881 olprllmru
986 4811 1137 4880 συνημμέναι
1155 4811 1224 4880 λόγοι
1240 4816 1286 4882 τῆς
1304 4813 1369 4865 κατὰ
1388 4812 1474 4887 ψυχὴν
1493 4813 1555 4866 ἀθα-

197 4905 281 4963 νασίας
299 4905 341 4955 καὶ
361 4900 498 4971 ἀφθαρσίας
