3510 5610
201 296 249 395 ,⁶4
565 272 571 286 '
747 298 917 356 rnrscnnr
935 260 1038 358 tror'

256 472 289 536 in
312 472 381 556 plus
404 483 435 538 et
461 475 564 539 minus
590 475 748 540 caliditate
775 486 830 541 aut
855 476 1023 559 frigiditate
1048 474 1202 540 diffemnt.
1246 475 1381 561 primum
1407 475 1512 540 redar-
1528 487 1581 548 stt

257 595 350 657 guare
373 585 495 662 oportet
518 578 555 642 de
578 578 760 663 quaestione
782 579 886 642 minus
909 584 998 642 acute
1020 578 1202 642 scribentes:
1226 599 1327 661 neque
1346 578 1430 643 enim
1445 578 1511 643 llll

257 678 331 741 anni
354 681 539 745 mutationes
562 681 676 746 dixerit
698 682 767 764 quis
791 680 1006 745 conuersiones
1026 681 1200 758 nominans,
1223 680 1277 745 sed
1299 681 1398 766 magis
1416 682 1509 746 horas

256 789 370 844 uocant
396 788 517 846 ueteres
543 784 713 868 sapienteS,
741 784 885 866 quamuis
913 782 1041 866 quidam
1063 783 1095 847 in
1119 783 1268 847 abusione
1290 784 1552 849 conuersionesao

228 889 369 947 suoccnt
391 905 442 948 eas
463 905 525 949 non
548 888 683 971 proprie:
712 892 744 949 et
769 907 824 970 per
849 885 1093 969 unumquodque
1118 894 1236 970 septem
1260 886 1422 951 climatum
1444 906 1508 951 non

257 987 412 1050 inuenerit
440 987 508 1070 quis
536 994 682 1071 quattuor
708 990 853 1053 horarum
881 987 1100 1052 alienationem
1127 995 1158 1052 et
1185 989 1426 1053 continuitatem
1453 1008 1510 1072 per

257 1097 398 1173 tempora
423 1090 547 1153 saetam.
593 1091 631 1154 de
657 1091 879 1177 approbatione
905 1096 1010 1154 autem
1035 1080 1145 1155 ho'rum
1171 1091 1247 1156 haec
1274 1096 1396 1177 oportet
1426 1091 1510 1154 anti·

256 1191 358 1275 cipare
381 1213 436 1276 per
457 1193 760 1277 contemplationem.
805 1193 963 1258 conuersio
987 1192 1070 1256 enim
1093 1200 1140 1257 est
1160 1194 1283 1279 proprie
1304 1200 1428 1279 tempus
1451 1214 1507 1278 per

255 1294 340 1381 quod
359 1295 403 1358 sol
427 1295 466 1358 ab
488 1296 718 1378 aquilonalibus
740 1295 780 1359 ad
802 1296 951 1360 australia
974 1301 1029 1359 aut
1050 1296 1090 1360 ab
1113 1297 1300 1360 australibus
1323 1296 1363 1360 ad
1385 1296 1505 1380 aquilo·

215 1413 241 1456 10
255 1397 339 1461 nalia
361 1397 470 1480 incipit
492 1400 722 1482 transmigrare;
747 1419 783 1462 ac
804 1420 859 1483 per
880 1398 938 1461 hoo
959 1399 1088 1487 circulos
1109 1399 1184 1462 facit
1206 1400 1260 1483 qui
1280 1399 1428 1463 dicuntur
1443 1406 1506 1462 tro-

255 1501 325 1585 pici.
369 1500 479 1584 tropici
507 1501 590 1564 enim
617 1510 691 1565 sunt
717 1501 796 1584 cycli
823 1502 855 1565 in
882 1522 958 1585 quos
984 1502 1112 1566 ueniens
1138 1501 1183 1565 sol
1207 1506 1239 1566 et
1260 1501 1333 1565 oriri
1353 1501 1551 1586 incipiensso

255 1603 470 1666 conuersionos
492 1603 579 1666 facit:
604 1604 741 1667 aestiuus
764 1604 890 1687 quidem
912 1605 944 1668 in
967 1626 1028 1688 quo
1050 1605 1150 1668 lactus
1172 1605 1219 1668 sol
1241 1610 1273 1668 et
1293 1603 1446 1688 incipiens
1469 1604 1509 1668 ab

255 1705 372 1768 aestiuo
396 1714 464 1769 ortu
488 1711 637 1769 aestatem
659 1707 747 1785 lacit3
771 1706 913 1771 hiemalis
935 1728 1009 1771 uero
1031 1708 1065 1771 in
1087 1727 1147 1790 quo
1170 1706 1296 1771 hiemali
1320 1706 1421 1771 oriens
1437 1714 1509 1771 ortu

255 1808 330 1870 facit
352 1809 501 1888 hiemem3
525 1808 645 1872 medius
668 1816 772 1872 autern
796 1810 907 1881 horum
930 1809 1164 1893 aequinoctialis
1186 1809 1289 1892 cyclus
1310 1809 1345 1873 in
1367 1829 1428 1892 quo
1445 1810 1506 1872 fac-
1602 1868 1609 1885 ,

214 1925 241 1969 15
254 1917 304 1974 tus
326 1911 371 1975 sol
393 1919 561 1994 utrumque
584 1911 815 1994 aequinoctium
837 1912 921 1976 facit.
965 1922 1011 1976 est
1031 1911 1114 1975 enim
1129 1911 1258 1976 uernale
1273 1911 1508 1994 aequinoctium

254 2012 336 2096 quod
358 2014 403 2077 sol
431 2015 550 2098 perlicit
575 2015 614 2078 ab
642 2014 769 2077 hiemali
802 2014 919 2098 tropico
945 2013 1156 2098 particulatim
1182 2014 1216 2077 iu
1243 2014 1507 2099 aequinoctialem

253 2116 394 2193 ueniens3
428 2117 610 2180 autumnale
633 2121 739 2180 autem
770 2116 851 2199 quod
878 2116 1058 2181 ex”aestiuo
1085 2116 1202 2201 tropico
1224 2117 1447 2181 transcendens
1473 2118 1507 2181 in
1524 2130 1573 2190 50⁴1

253 2218 512 2300 aequinoctialem
536 2219 656 2303 cyclum
678 2221 761 2283 facit.
806 2219 926 2283 duabus
948 2219 1051 2302 igitur,
1073 2229 1110 2283 ut
1129 2218 1277 2299 dixeram,
1301 2221 1506 2285 existentibus
1520 2239 1549 2280 ιο

254 2321 505 2385 conuersionibus
538 2329 569 2385 et
595 2321 714 2385 duobus
747 2321 875 2405 tropicis
908 2322 1015 2405 cyclis,
1049 2343 1129 2385 unus
1161 2321 1288 2405 quidem
1321 2328 1368 2387 est
1401 2324 1507 2407 cyclus

212 2438 239 2483 ao
253 2424 498 2506 aequinoctialis,
520 2425 581 2488 duc
597 2445 670 2488 uero
686 2444 740 2507 per
755 2444 825 2487 eum
842 2423 1037 2507 aequinoctia
1052 2424 1140 2487 fiunt.
1185 2445 1240 2508 per
1255 2424 1335 2488 hano
1352 2428 1505 2507 οτοθεσιν,

253 2527 285 2590 id
311 2531 358 2589 est
384 2527 599 2608 quaestionem
626 2526 761 2603 finitam,
788 2525 919 2589 dicimus
946 2525 1021 2590 duos
1048 2526 1174 2610 quidem
1201 2527 1335 2612 tropicos
1361 2529 1464 2610 cyclos
1485 2551 1506 2593 a

253 2628 506 2693 conuersionibus
528 2629 760 2693 denominatiue
781 2636 908 2693 uocatos
930 2631 1145 2712 παραλληλοος,
1173 2629 1206 2692 id
1229 2636 1275 2693 est
1296 2630 1413 2695 similes
1435 2631 1505 2695 siue

254 2736 485 2814 consequentes,
508 2731 647 2795 medium
668 2751 742 2795 uero
765 2731 1035 2814 aequinoctialem.

768 3022 888 3087 Timlas
909 3024 996 3087 deest.

210 3228 238 3273 ae
337 3212 505 3276 Sciendum
528 3219 646 3291 autem,
674 3213 861 3295 quicumque
888 3219 1004 3276 terram
1026 3210 1282 3275 rotundiformem
1305 3212 1414 3277 dieunt
1437 3236 1505 3279 esse
1518 3231 1548 3274 ao

252 3315 389 3399 quinquo
410 3335 502 3377 zonas
524 3315 556 3377 in
579 3319 661 3378 terra
686 3315 878 3399 subponunt:
906 3315 983 3378 duas
1010 3316 1136 3398 quidem
1161 3314 1320 3398 utrimque
1347 3327 1504 3383 extremas

252 3418 470 3482 inhabitabiles
493 3419 532 3481 ab
555 3416 738 3480 excellentia
761 3424 917 3481 concretas
944 3423 976 3480 et
997 3418 1121 3500 frigidas
1146 3417 1313 3496 uocabant3
1341 3419 1399 3483 sub
1425 3420 1505 3505 ipsis

251 3521 335 3584 enim
357 3527 430 3585 sunt
452 3520 531 3604 polis
553 3520 607 3602 qui
628 3519 786 3602 utrimque
808 3520 1020 3583 extremitates
1041 3521 1188 3605 sphaerae
1210 3519 1366 3600 obtinent,
1390 3523 1504 3588 merito

251 3624 340 3706 longe
363 3628 500 3687 remotae
526 3628 600 3684 sunt
627 3643 665 3685 ex
691 3622 744 3684 uia
769 3641 824 3704 per
850 3643 943 3705 quarn
976 3622 1022 3685 sol
1049 3623 1108 3686 iter
1133 3622 1223 3686 facit:
1257 3622 1393 3687 mediam
1426 3647 1505 3690 uero

210 3727 362 3793 actarum
384 3726 522 3809 quinque
545 3721 718 3802 ardentem,
746 3723 834 3807 quasi
861 3725 919 3787 sub
942 3724 1064 3788 ustione
1086 3725 1229 3808 flagranti
1251 3726 1504 3807 inhabitabilem,

198 3950 231 4002 26
250 3949 282 4002 cf.
302 3948 407 4002 Gemini
427 3927 507 4000 lllern.
526 3963 568 4015 ap.
589 3947 678 3999 Petav.
698 3946 776 3999 Uran.
795 3945 892 4011 amu

198 4193 209 4243 l
240 4142 355 4259 frigiitato
374 4188 433 4257 (sic)
454 4191 476 4241 0
611 4189 627 4240 5
653 4205 743 4255 praece
756 4187 820 4250 fort.
839 4187 883 4238 aul
901 4185 962 4239 καθ’
983 4187 1010 4239 ἓν
1029 4187 1135 4240 ἕκαστον
1153 4194 1205 4240 τῶν
1225 4189 1288 4242 ἑπτὰ
1306 4189 1438 4259 κλιμάτων
1457 4190 1507 4244 oba
1526 4191 1558 4245 ἂν

196 4276 263 4350 εὖροι
274 4297 311 4336 τις
322 4278 451 4348 τεττάρων
465 4274 540 4345 ὡρῶν
552 4273 662 4344 ἀλλαγὴν
681 4275 724 4326 καὶ
737 4273 856 4343 διαδοχὴν
875 4276 941 4326 κατὰ
952 4274 1059 4348 χρόνους
1076 4276 1208 4346 γινομένην
1280 4277 1305 4329 9.
1318 4278 1351 4330 10
1368 4277 1506 4345 aquilonia
1522 4280 1557 4330 01

198 4366 230 4417 12
248 4366 459 4417 conuersationes
481 4364 514 4415 0¹
599 4363 629 4413 14
647 4361 728 4413 ciclus
749 4362 783 4409 (l¹
860 4357 1174 4415 aotnnoeectuo
1251 4365 1284 4418 22
1305 4358 1557 4412 ΠΑΡΑΛΛΗΛΟΕ

198 4453 220 4502 G
343 4453 370 4504 id
389 4457 428 4505 est
447 4451 546 4503 similes
565 4451 620 4501 siue
640 4447 840 4516 consequentes]
863 4468 951 4516 praece
969 4451 1081 4503 τουτέστι
1099 4451 1286 4523 παραπλησίους
1308 4451 1324 4523 l
1344 4452 1556 4524 συμπαραιολου·

195 4538 303 4598 douvra:
408 4539 441 4590 bt
464 4540 500 4589 ιίι.
519 4538 578 4588 cdd.
599 4537 639 4587 M:
662 4538 699 4589 lle
718 4537 834 4604 quinque
853 4537 926 4588 zonis
945 4553 1012 4604 quae
1031 4539 1130 4591 eaelum
1149 4544 1236 4593 tencre
1255 4557 1271 4592 a
1289 4541 1454 4608 sapientibus
1473 4541 1556 4593 seculi

194 4634 347 4681 asseruntur
436 4626 469 4679 2ss
487 4630 627 4693 utrumque
649 4626 696 4675 0¹:
715 4629 845 4691 utrunque
866 4623 902 4673 (3²
990 4625 1024 4678 28
1042 4625 1115 4694 sunt]
1128 4627 1193 4691 sorr.
1212 4626 1273 4679 dum
1292 4632 1355 4680 sunt
1372 4629 1420 4679 ae.
1439 4626 1512 4680 οὖσαι

194 4766 337 4836 utrimque]
356 4772 468 4835 utruque
489 4767 511 4818 θ
517 4767 536 4818 ¹:
554 4728 657 4833 utrique
677 4764 713 4815 0⁹
835 4779 907 4860 spera
928 4764 977 4816 G¹t
996 4715 1070 4864 splerq
1090 4766 1126 4817 0²
1249 4767 1283 4820 29
1312 4768 1408 4837 longae
1428 4769 1464 4820 (ιη

195 4886 230 4939 30
249 4887 365 4956 quinque
384 4888 445 4939 add.
466 4888 502 4937 0²
519 4889 543 4937 in
562 4905 652 4955 rnar9.:
672 4887 693 4939 V
715 4887 737 4938 G
756 4887 781 4936 in
798 4897 865 4938 terta
