3510 5610
202 285 244 353 28
741 288 913 345 PRISGIANI
930 288 1012 345 LYDI

253 462 294 530 είς
319 463 371 546 τὴν
393 464 543 550 αἴσθησιν,
579 464 642 529 ἀλλ’
670 464 724 528 οῦκ
749 463 875 540 ἔξωθεν,
906 464 1006 548 ἐπειδὴ
1035 465 1075 548 μὴ
1099 467 1284 550 κεχώρισται.
1328 464 1372 528 διδ
1402 465 1454 549 μία
1482 464 1502 549 ᾖ

254 564 373 648 ἀμφοῖν,
395 572 446 630 τοῦ
468 592 499 631 τε
514 572 564 630 νοῦ
585 568 650 650 περὶ
673 567 709 630 τά
723 566 813 652 νοητά
834 568 883 630 καὶ
905 571 962 630 τῶν
977 571 1088 650 νοητῶν
1110 568 1152 637 εἰς
1166 568 1215 630 τδν
1237 571 1303 630 νοῦν
1325 566 1502 651 ἡένέργεια,

253 667 328 730 καθδ
348 667 382 731 οὐ
398 668 566 733 διέσπασται
589 669 652 733 ἀλλ’
681 671 697 734 6
721 675 801 740 νοῦς
823 669 898 733 ἐστι
921 668 961 733 τὰ
983 670 1099 753 νοητά.
1133 667 1176 733 ἐτι
1198 671 1246 733 καὶ
1261 669 1308 732 ἐπὶ
1331 669 1503 753 τῇςαίσθή·

253 792 328 839 σεως
349 771 382 833 τδ
404 772 499 840 πάθος
520 773 585 857 περὶ
607 773 639 834 τδ
662 772 851 857 αἰσθητήριον
873 773 1034 857 συμβαίνει,
1056 772 1120 834 ἐπεὶ
1139 773 1172 836 τδ
1194 777 1308 856 πρῶτον
1330 770 1502 867 αἰσθητικὸν

225 870 314 937 οκαά
342 874 448 937 οἰκείαν
476 877 632 937 τελειοῦται
663 874 803 959 ἐνέργειαν
831 875 878 937 καὶ
905 876 957 959 τὴν
984 875 1042 938 ἀπὸ
1071 878 1128 938 τῶν
1154 875 1304 959 αἰσθητῶν
1315 873 1440 973 ,κίνησιν
1467 873 1502 936 οῦ

252 977 422 1060 παθητικῶς
449 972 514 1039 ἀλλ’
541 976 731 1060 ἐνεργητικῶς
757 976 931 1063 δεχόμενον·
965 976 1104 1060 μειζόνως
1126 977 1159 1040 δέ
1182 977 1198 1040 6
1221 980 1286 1045 νοῦς
1315 974 1367 1060 ἀφ’
1395 976 1503 1039 ἑαυτοῦ

252 1102 284 1141 τε
306 1078 416 1162 ἐνεργεῖ
436 1080 484 1142 καὶ
506 1080 558 1163 τὴν
580 1081 639 1142 ἀπὸ
662 1085 718 1143 τῶν
740 1083 852 1165 νοητῶν
875 1080 1022 1142 τελείωσιν
1048 1078 1082 1142 οῦ
1105 1078 1274 1161 παθητικῶς
1295 1075 1360 1141 ἀλλ’
1388 1078 1502 1162 ἐνεργη-

252 1187 339 1251 τικῶς
361 1181 493 1266 δέχεται·
516 1183 542 1244 εἰ
564 1184 612 1246 καὶ
634 1183 775 1269 δέχεσθαι
797 1182 858 1246 δέοι
879 1183 966 1266 φάναι
989 1181 1064 1244 ἀλλά
1087 1182 1127 1265 μὴ
1150 1183 1300 1266 προάγειν·
1323 1178 1375 1265 ἀφ’
1397 1181 1502 1243 ἑαυτοῦ

252 1284 306 1367 γὰρ
334 1283 496 1369 ἀρχόμενος
523 1287 690 1349 τελειοῦται.
735 1286 782 1348 καὶ
805 1284 881 1353 όλως
907 1285 937 1347 ἐν
964 1288 1025 1352 τοῖς
1047 1284 1253 1368 ἐτεροκινητοις
1278 1285 1311 1347 τδ
1339 1283 1434 1353 πάθος
1461 1286 1503 1351 ῶς

214 1402 239 1445 ιο
252 1384 360 1455 ἔξωθεν
383 1386 615 1471 διεγειρομένοις,
648 1388 679 1450 ἐν
701 1389 733 1452 δὲ
756 1391 816 1456 τοῖς
844 1389 937 1450 πάντα
966 1384 1084 1449 ἔνδοθεν
1108 1386 1253 1471 ἐνεργοῦσι
1279 1387 1328 1449 καὶ
1355 1387 1434 1454 όλοις
1456 1383 1497 1448 δι’

253 1488 329 1551 όλων
352 1488 544 1572 ἐνεργητικοίς
567 1490 705 1553 ἀδύνατον
729 1491 861 1553 ὑπονοεῖν
883 1513 909 1550 τι
929 1489 1034 1564 πάθος,
1056 1489 1082 1551 εἰ
1103 1490 1143 1573 μὴ
1167 1489 1340 1573 ὁμωνύμως.
1375 1489 1423 1552 καὶ
1446 1487 1502 1571 γάρ

253 1597 295 1674 τῇ
323 1590 427 1674 οὐσία
456 1591 552 1653 ἐστὶν
579 1592 741 1675 ἐνέργεια
769 1591 911 1675 δευτέρως
937 1592 985 1654 καὶ
1014 1592 1030 1654 6
1059 1593 1179 1674 δυνάμει
1206 1596 1286 1666 νοῦς,
1319 1591 1394 1674 αὐτὴ
1421 1589 1451 1654 δ’
1483 1592 1502 1672 ἡ

254 1693 380 1778 ἐνέργεια
402 1693 555 1756 ἀντίκειται
577 1699 619 1779 τῷ
649 1696 738 1757 πάθει
759 1697 806 1757 καὶ
829 1694 882 1758 οὐκ
910 1693 944 1756 ἀν
967 1717 1038 1756 ποτε
1061 1694 1229 1778 παθητικῶς
1251 1694 1408 1778 διατεθείη.
1455 1694 1504 1756 καὶ

255 1797 355 1865 ἁπλῶς
377 1796 414 1880 δὴ
437 1796 467 1858 ἐν
490 1801 549 1865 τοῖς
570 1801 725 1881 χωριστοῖς
748 1797 891 1879 σωμάτων
914 1793 1118 1880 [ἀσωμάτοις],
1145 1796 1216 1881 ὅπερ
1238 1797 1286 1859 καὶ
1308 1795 1396 1864 αὐτός
1416 1817 1501 1879 φησι.

214 1899 284 1961 ιῡτί
303 1900 340 1961 τδ
363 1899 477 1968 πάθος
503 1900 522 1983 ἦ
546 1900 627 1962 ποία
649 1900 842 1983 μεταβολή;
876 1898 924 1961 καὶ
947 1897 982 1959 τά
1008 1898 1060 1982 μὲν
1083 1900 1165 1982 πάθη
1188 1897 1313 1973 ἔξωθεν,
1341 1899 1356 1961 6
1379 1898 1412 1961 δέ
1435 1902 1504 1967 νοῦς

252 2003 426 2086 ἀρχὴκαὶ
455 2000 510 2087 ἀφ’
538 2004 675 2065 ἑαυτοῦ.
721 2004 762 2070 ὡς
788 1999 838 2064 οῦν
869 1999 1038 2083 παθητικός.
1082 2002 1113 2063 εἰ
1139 2001 1202 2086 γάρ
1230 2000 1318 2070 δλως
1344 2001 1502 2084 ἀπαθής,

251 2105 348 2188 φησίν,
370 2104 473 2168 οὐδὲν
495 2105 637 2189 νοήσει,
660 2106 711 2189 τὴν
734 2103 792 2166 ἀπὸ
815 2109 872 2166 τῶν
892 2108 1004 2186 νοητῶν
1027 2104 1171 2167 τελείωσιν
1191 2105 1287 2174 πάθος
1308 2106 1415 2175 καλῶν,
1438 2102 1504 2165 ἐπεὶ

253 2209 345 2289 πάντη
373 2207 545 2290 καθαρεύειν
573 2207 621 2269 τδν
648 2211 714 2269 νοῦν
742 2207 862 2289 ἀνάγκη.
906 2205 970 2268 ἐπεὶ
998 2205 1032 2267 δέ
1054 2207 1103 2269 καὶ
1130 2207 1187 2270 ἀπὸ
1214 2212 1271 2270 τῶν
1298 2209 1409 2288 νοητῶν
1433 2201 1496 2267 κατ’

251 2310 358 2372 οἰκείαν
380 2312 537 2372 τελειοῦται
559 2308 717 2392 ἐνέργειαν,
746 2309 794 2372 διά
815 2312 899 2370 τοῦτο
925 2306 1086 2392 κοινότερον
1109 2308 1174 2372 ἀλλ’
1202 2308 1236 2372 οῦ
1259 2309 1365 2393 κυρίως
1392 2306 1427 2370 ἀν
1450 2310 1502 2368 τοῦ

211 2414 366 2481 ευπάθους
389 2413 499 2475 ἐκείνου
526 2411 695 2495 ἀκοόοιμεν·
731 2412 868 2479 ἀπαθὲς
896 2410 959 2493 γάρ
986 2411 1002 2473 6
1025 2415 1121 2486 νοῦς,
1148 2412 1236 2495 φησὶν
1264 2413 1280 2474 ό
1303 2410 1501 2496 Θεόφραστος,

252 2517 281 2579 εἰ
304 2515 349 2600 μὴ
367 2515 432 2600 ἀρα
454 2514 567 2582 ἄλλως
588 2510 685 2597 γηγ·
707 2515 744 2577 τὸ
759 2511 973 2597 παθητικόν,
996 2512 1062 2598 οὐχ
1086 2517 1131 2582 ῶς
1152 2515 1190 2577 τδ
1206 2514 1403 2597 κινητικόν,
1426 2513 1502 2575 ἀτε-

251 2619 314 2701 λὴς
335 2618 396 2702 γὰρ
420 2619 438 2700 ίη
462 2616 610 2699 κίνησις,
633 2613 704 2678 ἀλλ’
734 2618 778 2684 ῶς
800 2614 968 2698 ἐνέργεια.
1013 2620 1124 2680 ταῦτα
1145 2617 1183 2680 δὲ
1205 2615 1376 2701 διαφέρει.
1416 2619 1502 2699 χρῆ·

252 2721 334 2783 σθαι
361 2721 398 2783 δὲ
426 2721 614 2800 ἀναγκαῖον
648 2716 760 2780 ἐνίοτε
793 2721 868 2786 τοῖς
895 2716 1015 2786 αὐτοῖς
1041 2718 1219 2801 ὀνόμασιν.
1265 2719 1335 2801 δρᾷς
1358 2718 1401 2781 ότι
1431 2715 1495 2781 οὐδ’

253 2824 353 2891 ἀτελὲς
375 2822 443 2886 οὐδὲ
466 2822 538 2886 κατά
560 2819 665 2906 τρόπον
688 2819 708 2903 ἥ
730 2842 792 2881 τινα
814 2821 924 2902 κίνησιν
947 2820 1016 2883 οὐδὲ
1037 2819 1145 2890 ἔξωθεν
1168 2821 1242 2883 ἀλλὰ
1265 2819 1328 2883 κατ’
1356 2819 1500 2904 ἐνέργειαν

212 2940 239 2984 ‘25
254 2927 285 2989 τδ
308 2926 402 2994 πάθος
417 2925 582 3009 ἀφορίζεται
604 2924 650 2986 ἐπὶ
673 2926 724 2985 τοῦ
744 2926 804 2985 νοῦ.
840 2925 1040 3004 συγγινώσκειν
1063 2924 1096 2986 δὲ
1118 2923 1193 2992 ἀξιοῖ
1214 2926 1325 3006 τῇτῶν
1348 2924 1500 3005 ὀνομάτων

251 3030 367 3112 χρήσει,
389 3026 461 3091 διότι
482 3027 516 3090 ἐκ
537 3032 594 3088 τῶν
615 3026 764 3109 αἰσθητῶν
788 3025 899 3087 καὶέπὶ
921 3026 957 3087 τὰ
971 3025 1057 3108 νοερὰ
1081 3026 1279 3110 μεταφέρομεν
1303 3025 1339 3088 τά
1361 3024 1500 3108 ὀνόματα.

251 3129 327 3199 ἀξιοῖ
345 3131 378 3192 δὲ
399 3129 590 3214 ἀφορίζεσθαι
612 3129 644 3192 τδ
660 3130 792 3212 πάσχειν.
838 3128 887 3190 καὶ
902 3127 1013 3211 εἴρηται
1036 3126 1079 3190 ότι
1096 3127 1169 3191 κατὰ
1190 3129 1243 3211 τὴν
1265 3128 1323 3190 ἀπὸ
1345 3131 1396 3190 τοῦ
1411 3129 1502 3212 κρείτ-

251 3255 330 3301 τονος
353 3232 536 3316 ἐνδιδομένην
559 3231 704 3295 τελείωσιν
727 3231 917 3314 ἐνεργητικῶς
939 3233 989 3292 τοῦ
1012 3230 1148 3314 δευτέρου
1169 3229 1370 3313 τελειουμένου
1393 3251 1414 3291 ν
1436 3252 1457 3291 ιι
1479 3252 1502 3291 κ

251 3337 307 3398 καὶ
340 3342 411 3405 πῶς
440 3335 566 3418 νοητδν
600 3334 665 3396 ὑπὸ
692 3336 817 3416 νοητοῦ
850 3333 999 3416 πάσχει,
1034 3332 1136 3416 ἐπειδὴ
1163 3335 1204 3400 ῶς
1230 3333 1332 3415 νοητὸν
1355 3331 1500 3416 δεύτερον,

210 3454 237 3497 ³0
251 3438 394 3502 τουτέστιν
417 3441 458 3507 ὡς
481 3436 661 3521 ἐνεργητικόν
691 3435 739 3497 καὶ
762 3437 801 3503 ῶς
824 3433 915 3519 ἀρχον
942 3435 990 3497 καὶ
1013 3433 1227 3518 αῦτενεργητως
1252 3433 1418 3519 ὁριζόμενον
1442 3436 1500 3498 ῦπδ

251 3545 301 3604 τοῦ
324 3542 492 3625 κρείττονος.
536 3541 595 3603 καὶ
622 3543 694 3606 πῶς
720 3536 824 3605 αῦτδς
854 3537 980 3600 ἐαυτὸν
1010 3540 1159 3616 τελειοῖ;
1193 3535 1281 3612 διότι,
1313 3540 1354 3607 ὡς
1375 3536 1499 3622 εἴρηται,

197 3780 213 3831 3
233 3779 246 3832 6
266 3781 334 3844 νοῦς]
354 3779 387 3831 cf.
407 3778 643 3831 Aristot.4291230
745 3779 776 3830 1⁸2
794 3780 827 3850 τη
845 3776 926 3846 οὐσίᾳ]
947 3777 978 3829 cf.
998 3780 1106 3830 Aristot.
1125 3778 1234 3831 4:30218
1336 3779 1367 3830 16
1385 3775 1500 3847 ἀπαθής]

197 3867 229 3919 τί.
249 3869 356 3920 Aristot.
376 3866 485 3919 429b23
594 3868 625 3918 18
652 3865 811 3938 καθαρεῦειν]
834 3864 910 3934 ἀμιγῆ
930 3864 990 3916 εἶναι
1011 3865 1119 3917 λιίεόολ.
1137 3866 1246 3918 139118
1352 3865 1387 3917 ‘20
1414 3866 1498 3918 Theo·

196 3954 318 4023 phrastus
335 3970 377 4021 ομ.
396 3953 521 4006 Themist.
540 3954 557 4004 1.
567 3971 589 4005 c.
608 3954 633 4005 2.
657 3956 748 4019 131138
767 3952 810 4019 (τί.
830 3953 936 4004 Aristot.
954 3951 1075 4017 429215)
1165 3953 1194 4005 21
1216 3952 1318 4022 ἀτελὴς]
1339 3953 1371 4005 cf.
1391 3953 1499 4005 Aristot.

196 4040 286 4093 43126
393 4040 426 4091 22
445 4038 567 4113 χρῆσθαι]
587 4041 619 4093 cf.
640 4043 747 4094 Aristot.
767 4039 857 4092 11812
962 4038 996 4090 23
1014 4039 1115 4110 νοητὸν]
1134 4040 1166 4092 cf.
1185 4038 1424 4093 Aristot.4·291›·24

253 4186 274 4191 -.
281 4186 307 4191 .-.
318 4186 409 4191 ——-.-
417 4185 515 4192 .—..
523 4186 594 4192 -..-

200 4267 362 4336 1ηοω.νι
470 4267 486 4319 3
510 4267 560 4319 ἐστι
579 4283 628 4319 om.
648 4268 679 4319 L¹
786 4265 840 4333 καὶ]
860 4265 926 4317 δὲνν
1032 4265 1208 4335 4συμβαῖνο1
1226 4266 1258 4319 1.1
1364 4267 1499 4318 Ίτεοιο.

197 4354 260 4405 wa
361 4353 433 4406 θδεῖ
450 4370 471 4405 w
569 4362 628 4422 post
646 4356 760 4426 προάγειν
779 4353 837 4405 add.
856 4350 901 4420 ἀφ’
923 4351 1011 4403 ἑαυτοῦ
1032 4353 1070 4404 bw
1090 4353 1160 4418 (cum
1178 4352 1282 4420 Ficino)
1383 4354 1409 4404 11
1432 4353 1499 4424 ἐνερ-

195 4447 307 4510 γητικοῖς
327 4440 389 4493 Ηθιν
410 4443 479 4508 (cum
498 4441 615 4507 Ficin0):
635 4440 792 4513 ἐνεργητικὸν
810 4440 830 4491 L
849 4442 897 4491 cet.
996 4440 1025 4491 12
1043 4437 1107 4507 αῦτη
1127 4456 1162 4492 w:
1181 4438 1244 4508 αῦτη
1264 4440 1373 4492 codd.b
1462 4439 1496 4492 δι’

196 4528 352 4599 ἐνέργειανδ
462 4530 491 4580 14
515 4528 546 4598 δὴ
565 4530 670 4596 scripsi:
689 4529 714 4580 δὲ
733 4528 803 4594 vulg.
910 4526 1052 4593 ἀσωμάτοις
1071 4528 1177 4579 uncinis
1196 4527 1289 4578 inclusi
1401 4528 1430 4578 1ss
1449 4527 1497 4597 ὡς]

196 4621 250 4673 πῶς
269 4631 289 4665 ιν
431 4615 461 4666 21
491 4617 618 4668 excidisse
637 4616 756 4668 nonnihil
776 4615 877 4667 videtur
896 4613 965 4678 (coll.
986 4614 1110 4666 Themist.
1130 4614 1154 4665 2.
1177 4614 1269 4678 ww
1289 4614 1396 4681 θρόος.)

196 4704 230 4755 23
248 4702 301 4755 οὐδ’
322 4702 407 4759 ἀτελὲς
425 4703 483 4753 11w:
503 4701 532 4753 οῦ
550 4701 657 4761 διατελὲς
676 4703 696 4755 1.
716 4708 764 4755 cet.
891 4701 925 4752 *24
953 4700 1011 4752 fort.
1030 4701 1124 4770 τροπὴν
1144 4701 1187 4767 (cf.
1206 4700 1323 4769 Simplic.
1342 4703 1370 4754 in
1390 4703 1499 4755 Aristot.

196 4790 404 4853 ι]οΑῐι.13,3.’ἰ)
511 4789 543 4841 θ’)
563 4788 638 4848 ἀξιοῖς
659 4788 688 4839 1.Ῑ
796 4789 827 4840 2'7
848 4787 971 4859 ἀφορίζειν
993 4788 1021 4839 Ι.1
1128 4787 1176 4839 ὐπὸ
1196 4790 1301 4856 scripsi:
1320 4788 1370 4840 ἀπὸ
1389 4789 1459 4858 vulg.

196 4878 230 4931 28
249 4877 368 4929 lacunam
387 4875 501 4929 indicavi
608 4876 641 4929 2’9
660 4875 703 4927 καί
721 4894 774 4936 πως
793 4892 814 4927 ιν
920 4875 979 4927 fort.
998 4873 1120 4945 δευτέρως
1227 4876 1257 4929 31
1279 4877 1322 4928 καὶ
1340 4894 1395 4935 πως
1413 4893 1435 4928 w
