3510 5610
194 285 236 349 22
375 276 626 334 ARISTOPHANIS
642 275 829 330 HISTORIAE
848 275 1041 330 ANIMALIUM
1058 274 1207 329 ΕΡΙΤΟΜΕ
1224 275 1236 328 Ι
1253 274 1366 328 74-77

249 452 343 537 στόμα
364 459 417 538 τῆς
437 452 557 536 ὑστέρας
579 449 651 533 μετὰ
666 451 717 533 τὴν
741 449 812 535 μίξιν
835 449 920 534 Εηρδν
943 453 1022 534 φανῇ
1044 447 1169 532 γεγονός.
1207 448 1356 534 συμβαίνει
1378 449 1411 512 δὲ
1432 451 1494 516 ταῖς
1505 454 1542 514 30

248 561 313 620 λεῖα
334 557 370 620 τὰ
393 555 522 638 στόματα
544 557 601 617 τῶν
625 553 752 637 ὑστερῶν
775 553 913 639 ἐχούσαις
935 553 975 636 μὴ
998 550 1217 637 παραδέχεσθαι
1236 553 1270 615 τδ
1286 551 1410 635 σπέρμα,
1433 554 1536 621 ταῖςεο

248 661 280 723 δὲ
302 657 526 742 ἀνεστομωμένα
549 659 668 739 μᾶλλον.
713 657 757 719 διδ
780 657 816 741 δὴ
839 658 869 719 αἱ
893 656 934 739 μὴ
958 653 1132 741 βουλόμεναι
1156 655 1308 740 συλλαβεῖν
1334 655 1493 719 λιπαίνουσι
1504 663 1536 720 31

249 763 317 832 τοὺς
339 761 446 832 τόπους
467 759 542 842 άλλη
565 758 647 844 άλλιμ
669 759 856 843 περιχρίστῳ,
879 756 947 821 ὀθεν
969 759 1018 822 καλ
1040 761 1102 826 ταῖς
1121 757 1213 820 πυκνὰ
1227 757 1497 842 συνουσιαζομέναις

221 865 421 950 υβραδὺτερον
443 865 476 927 τδ
499 863 664 946 ἑγγάστριον
686 862 799 946 λαβεῖν·
833 862 973 924 λεαίνεται
994 859 1048 945 γὰρ
1070 859 1170 928 αόταῖς
1196 861 1244 924 καὶ
1266 861 1364 944 κωφόν
1390 862 1496 944 γίνεται

250 969 283 1032 τὸ
306 966 400 1050 στόμα
420 971 473 1051 τῆς
495 964 616 1050 ὑστέρας
643 964 699 1027 ὑπδ
727 969 784 1028 τῶν
813 962 1067 1048 συνικμαζομένων
1094 963 1188 1047 ὑγρῶν
1216 962 1246 1025 ἐν
1273 967 1316 1048 τῷ
1343 962 1419 1027 τέλει
1445 969 1523 1047 τῆςσ

250 1070 371 1154 όμιλίας.

335 1173 406 1255 (75)
434 1172 514 1256 Φησλ
540 1170 573 1234 δὲ
599 1173 641 1238 ῶς
667 1169 740 1233 ἑπτὰ
767 1168 852 1252 μόνον
879 1168 990 1254 ἡμέρας
1016 1168 1045 1231 ἐν
1073 1171 1111 1251 τῇ
1139 1170 1234 1254 μήτρα
1259 1170 1292 1233 τδ
1315 1169 1431 1256 σπέρμα
1452 1195 1496 1236 κε-

250 1277 385 1360 κράτηκε.
431 1273 504 1358 μετὰ
531 1273 563 1336 δὲ
590 1272 640 1341 τὰς
666 1273 739 1336 ἑπτὰ
766 1272 848 1354 μὺσιν
871 1273 1012 1358 λαμβάνει
1033 1272 1065 1336 τδ
1088 1270 1181 1354 στόμα
1203 1277 1255 1357 τῆς
1277 1276 1388 1359 μήτρας
1410 1273 1497 1360 μέχρι

211 1395 237 1440 10
252 1383 349 1463 μηνῶν
379 1378 466 1452 ἑπτά,
493 1381 536 1460 τῷ
563 1376 595 1437 δὲ
617 1375 713 1460 ὀγδόῳ
735 1376 881 1457 διοίγεται,
908 1376 957 1461 καλ
984 1375 1203 1461 ὑποκαταβαίνει
1229 1373 1294 1438 τότε
1319 1376 1354 1440 τὰ
1376 1375 1496 1462 ἔμβρυα

254 1483 303 1547 ἐὰν
327 1483 359 1545 δὲ
382 1481 455 1564 μήτε
478 1477 597 1563 διὀιχθγῖ
622 1480 695 1563 μήτε
719 1479 888 1563 ὑποκαταβῇ
914 1483 957 1562 τῳ
981 1476 1091 1562 ὀγδόῳ,
1113 1478 1280 1564 ἐπισφαλές.
1367 1479 1539 1564 (mys-1⁰

200 1603 256 1647 τισι
269 1608 363 1649 νονται
390 1584 422 1646 δὲ
447 1583 477 1645 αὑ
499 1581 611 1643 ναυτίαι
635 1582 683 1644 καὶ
705 1582 732 1643 οὑ
754 1578 851 1664 ἔμετοι
872 1585 934 1650 ταῖς
958 1578 962 1667 ί
987 1583 1120 1650 κοοὺσαις
1143 1581 1245 1667 μέχρις
1266 1579 1300 1644 οὑ
1322 1583 1342 1665 ἡ
1364 1583 1496 1667 ἀνακοπὴ

251 1695 309 1753 τῶν
335 1686 519 1768 καταμηνίων
545 1683 586 1751 εἰς
612 1683 679 1752 τοὺτ
706 1684 831 1764 μαστοὺς
856 1685 987 1770 γένηται,
1012 1687 1060 1749 καλ
1086 1684 1150 1748 τότε
1176 1686 1311 1768 λήγουσιν
1338 1685 1496 1768 άσιὺμεναι.

251 1793 379 1856 οὶσῶνται
405 1789 438 1851 δὲ
464 1787 513 1849 καὶ
539 1783 607 1849 όταν
633 1784 759 1870 ἄρχηται
781 1788 813 1850 τὸ
837 1788 942 1873 βρέφος
963 1789 1062 1873 τρίχας
1083 1786 1189 1871 φέρειν.
1233 1784 1439 1872 εὑχροὺστεραι
1465 1789 1498 1852 δὲ

211 1913 238 1958 15
252 1894 415 1977 διαμένουσι
437 1892 467 1952 αἱ
490 1888 609 1972 ἄρρενας
631 1884 764 1971 ἔχουσαι,
787 1890 978 1975 άχροὺστεραι
1000 1893 1033 1954 δὲ
1051 1893 1080 1954 αί
1100 1889 1266 1976 θηλογὺνοι.
1303 1891 1352 1952 καὶ
1374 1890 1406 1952 τδ
1429 1891 1495 1954 ὅλον
1510 1909 1537 1952 τε

253 2001 286 2064 δὲ
310 1997 346 2060 τὰ
372 1994 477 2078 ἄρρενα
501 1997 558 2054 τῶν
583 1991 710 2073 θηλειῶν
733 1994 774 2062 ῶς
795 1992 843 2055 ἐπὶ
865 1994 938 2057 πολὺ
961 1996 1030 2080 ῥᾷον
1051 1995 1183 2057 τίκτεται.
1282 1992 1355 2077 (Π)
1382 1999 1496 2077 πρῶτον

254 2102 286 2165 δέ
314 2118 386 2183 φησι
415 2095 544 2178 γίνεσθαι
576 2094 641 2176 περὶ
670 2093 702 2156 τὸ
732 2095 899 2179 συλληφθὲν
928 2095 958 2159 ἐν
987 2099 1026 2178 τῇ
1057 2096 1152 2179 μήτρᾳ
1182 2095 1297 2181 σπέρμα
1325 2095 1416 2181 χρόαν
1447 2100 1499 2182 μὲν

255 2199 467 2286 ἐξηλλαγμένην
490 2197 542 2260 ἅτε
563 2196 593 2266 ἐξ
615 2196 739 2281 ἐρυθροῦ
761 2202 813 2280 τῆς
835 2198 954 2281 θηλείας
981 2204 1038 2261 τῶν
1065 2198 1248 2281 καταμηνίων
1274 2199 1499 2284 ἀπολείμματος,

251 2306 267 2369 θ
291 2305 326 2388 δὴ
350 2304 397 2367 καλ
420 2302 489 2384 ὑλης
510 2299 585 2369 τάξιν
608 2298 729 2404 ἐπέχει,
752 2300 799 2362 καλ
826 2300 860 2363 ἐκ
885 2304 990 2365 λευκοὺ
1012 2305 1062 2363 τοὺ
1085 2299 1203 2384 ἄρρενος
1225 2301 1403 2386 σπέρματος·
1437 2304 1499 2368 εἶτα

201 2456 598 2470 --.----.-.-.-.

197 2546 214 2598 4
238 2540 307 2611 όθεν]
330 2541 363 2594 cf.
380 2540 459 2593 Arist.
473 2554 559 2607 gener.
573 2532 712 2590 anim.A5
730 2552 757 2604 p.
770 2536 860 2590 77423
884 2536 920 2589 διὸ
943 2537 986 2590 καλ
1007 2543 1060 2589 τῶν
1082 2544 1206 2607 γυναικῶν
1229 2536 1284 2590 ὀσαι
1306 2539 1366 2609 πρὸς
1388 2539 1434 2607 τὴν
1456 2538 1553 2608 ὑμιλίαν

199 2632 315 2699 ἀκρατεῖς
333 2629 379 2699 την
397 2625 522 2696 τοιαὺτην,
540 2624 599 2677 όταν
617 2622 814 2693 πολυτοκησωσι,
833 2623 953 2677 παὺονται
970 2629 1017 2694 τῆς
1034 2625 1163 2694 πτοήσεως
1269 2625 1285 2677 8
1306 2626 1379 2697 φησὶ]
1398 2626 1478 2680 Arist.
1491 2627 1553 2681 hist

198 2720 278 2772 anim.
290 2714 341 2770 H3
358 2732 383 2784 p.
393 2713 501 2767 583224
522 2711 607 2765 ἐὰνδὲ
626 2711 688 2763 έπτὺ
707 2711 809 2781 έμμείνη
828 2712 931 2782 ἡμέρας,
950 2712 1053 2781 φανερόν
1071 2712 1238 2784 ὑπείληπται
1344 2714 1360 2766 9
1378 2712 1452 2783 μετὰ]
1471 2715 1552 2768 Arist.

198 2808 260 2859 hist.
273 2806 353 2857 anim.
366 2799 416 2855 H4
435 2818 461 2869 p.
474 2799 582 2853 583b29
604 2797 663 2852 όταν
681 2797 707 2850 δέ
725 2797 835 2869 συλλάβη
854 2799 869 2869 ἡ
889 2798 978 2869 ὑστέρα
995 2799 1025 2853 τό
1044 2801 1149 2872 σπέρμα,
1167 2800 1240 2861 εόθὺς
1258 2801 1364 2871 συμμὺει
1381 2810 1434 2863 ταῖς
1451 2802 1552 2863 πολλαῖς

199 2894 273 2963 μέχρι
290 2892 408 2960 γίνωνται
427 2888 489 2941 ἑπτὰ
507 2891 595 2957 μῆνες·
617 2889 655 2956 τῷ
673 2884 691 2938 δ’
708 2885 788 2956 ὀγδόῳ
806 2888 952 2955 χάσκουσιν·
975 2888 1066 2940 καὶτὸ
1085 2888 1199 2957 ἔμβρυον,
1218 2890 1260 2942 έόν
1272 2886 1289 2961 ᾖ
1301 2890 1409 2960 γόνιμον,
1426 2909 1553 2961 προκατα-
1634 2879 1638 2889 ’

200 2981 276 3052 βαίνει
294 2982 331 3049 τῷ
350 2975 430 3046 ὀγδόῳ
449 2975 515 3045 μηνί.
547 2975 579 3026 τὰ
597 2973 623 3027 δέ
641 2974 677 3044 μὴ
696 2974 784 3042 γόνιμα
802 2972 854 3025 ἀλλ’
869 2975 1068 3043 ἀποπεπνιγμένα
1086 2975 1217 3047 ὀκτάμηνα
1235 2977 1261 3030 έν
1276 2983 1327 3035 τοῖς
1344 2978 1428 3037 τόποις
1445 2978 1493 3031 οὑκ
1511 2979 1552 3031 έιι-

199 3071 314 3139 φέρουσιν
332 3065 472 3134 ὀκτάμηναι
490 3062 515 3115 αἱ
533 3069 653 3131 γυναῖκες,
670 3058 727 3114 οὑτε
745 3061 937 3132 προκαταβοίνει
955 3064 1027 3115 κάτω
1045 3065 1076 3115 τὰ
1095 3063 1190 3133 ἔμβρυα
1208 3069 1246 3135 τῷ
1264 3064 1344 3135 ὀγδόῳ
1363 3066 1434 3135 μηνί,
1453 3063 1510 3118 οὑτε
1528 3067 1554 3119 σί

199 3156 299 3224 ὑστέραι
318 3155 343 3206 έν
360 3156 398 3222 τῷ
416 3150 498 3222 χρόνῳ
516 3148 599 3220 τοὺτῳ
616 3151 764 3220 χάσκουσιν·
790 3148 853 3201 ἀλλὰ
875 3156 975 3218 σημεῖον
998 3148 1035 3203 ότι
1058 3150 1087 3202 οό
1110 3151 1222 3220 γόνιμον,
1245 3153 1288 3205 ἐὰν
1310 3153 1410 3222 γίνηται
1433 3154 1469 3224 μὴ
1492 3168 1552 3221 ουμ·

168 3282 172 3296 .
196 3228 324 3297 πεσόντων
342 3246 393 3292 τῶν
412 3239 548 3309 εἰρημένων
640 3236 723 3289 11.12
741 3234 859 3306 γίνονται]
878 3237 959 3290 Arist.
972 3238 1033 3290 hist.
1046 3239 1125 3291 anim.
1138 3236 1189 3293 H4
1207 3256 1233 3308 p.
1247 3238 1336 3293 58426
1358 3240 1394 3293 ἔτι
1413 3240 1439 3293 δὲ
1456 3244 1554 3295 ναυτίαι

199 3333 243 3385 καλ
266 3330 350 3399 έμιτοι
372 3327 523 3397 λαμβάνουσι
546 3326 590 3384 τὰς
611 3324 736 3389 πλείστας,
760 3326 803 3377 καὶ
825 3324 930 3393 μάλιστα
947 3327 992 3383 τας
1010 3325 1138 3390 τοιαὺτας,
1161 3325 1220 3379 όταν
1238 3327 1308 3380 αἵτε
1327 3325 1458 3397 καθάρσεις
1476 3336 1554 3382 στῶσι

199 3421 243 3472 καὶ
265 3418 343 3487 μηπω
366 3416 400 3475 εἰς
421 3415 479 3473 τοὺς
502 3414 609 3481 μαστοὺς
632 3413 797 3482 τετραμμέναι
816 3411 883 3464 ῶσιν.
918 3413 978 3464 ἔνιαι
996 3413 1040 3480 μέν
1058 3414 1101 3465 οὑν
1120 3414 1253 3485 ἀρχόμεναι
1271 3413 1365 3483 μᾶλλον
1383 3421 1484 3468 πονοῦσι
1500 3422 1553 3469 τῶν

198 3511 331 3577 γυναικῶν,
349 3503 409 3556 ίνιαι
426 3501 446 3554 δ’
462 3499 570 3569 ὑστερον,
588 3500 636 3570 ἤδη
655 3504 700 3552 τοὺ
718 3500 847 3569 κυήματος
864 3499 964 3569 ἔχοντος
981 3498 1082 3571 αὑξησιν
1100 3500 1193 3570 μᾶλλον
1285 3503 1316 3555 14
1335 3503 1454 3573 άσῶνται]
1472 3504 1553 3557 Arist.

200 3595 260 3647 hist.
274 3587 417 3643 511151.Ηό
435 3604 461 3657 p.
473 3587 580 3640 5842‘22
604 3587 710 3656 μάλιστα
728 3587 754 3640 δὲ
773 3587 890 3650 άσῶνται,
908 3585 967 3639 ὅταν
986 3588 1113 3659 ἅρχωνται
1132 3590 1163 3642 τὰ
1181 3588 1264 3642 παιδία
1282 3591 1368 3661 τρίχας
1386 3598 1462 3643 ποιεῖν

200 3677 385 3749 εδχροὺστεραι]
405 3677 484 3728 Arist.
497 3676 558 3728 hist.
571 3676 650 3727 anim.
662 3673 715 3728 Η4
736 3690 761 3743 p.
774 3673 881 3727 584212
904 3673 940 3733 ῶς
959 3676 1003 3744 μὲν
1021 3675 1064 3729 οὑν
1086 3679 1126 3730 ἐπὶ
1143 3675 1172 3729 τδ
1193 3676 1256 3729 πολὺ
1278 3676 1337 3748 ῥᾷον
1357 3677 1553 3732 ἀπαλλάττουσιν

200 3768 225 3821 αλ
243 3767 275 3819 τά
293 3766 382 3835 ἄρρενα
400 3761 503 3815 κὺουσαι
521 3763 564 3815 καὶ
582 3761 676 3831 μᾶλλον
694 3760 749 3831 μετ’
765 3761 878 3832 εὑγροίας
896 3761 1060 3827 διατελοῦσιν,
1084 3765 1123 3817 έπλ
1146 3763 1172 3816 δὲ
1194 3769 1246 3815 τῶν
1267 3760 1376 3833 θηλειῶν
1399 3765 1553 3820 τούναντίον·

200 3853 363 3925 άχροὺστεραί
381 3870 408 3903 τι
427 3852 472 3920 γὰρ
491 3849 527 3909 ῶς
545 3850 585 3903 έπλ
602 3850 631 3903 τὸ
650 3849 712 3902 πολὺ
730 3851 773 3902 καλ
793 3848 925 3921 βαρὺτιρον
943 3850 1064 3919 διάγουσι,
1086 3852 1130 3903 καλ
1147 3850 1248 3908 πολλαῖς
1269 3853 1323 3922 περὶ
1341 3853 1373 3904 τὰ
1391 3853 1467 3924 σκέλη
1487 3854 1554 3925 σίδη-

200 3961 268 4011 ματα
287 3942 330 3995 καὶ
348 3941 460 4009 ἐπόρσεις
478 3939 584 4007 γίνονται
601 3942 647 4006 τῆς
664 3938 756 4010 σαρκός
894 3937 925 3990 16
949 3940 1060 4008 πρῶτον]
1080 3940 1158 3991 Arist,
1171 3939 1231 3991 hist.
1243 3939 1322 3992 anim.
1335 3936 1358 3992 Η
1372 3940 1387 3992 7
1406 3957 1432 4010 p.
1445 3941 1553 3996 586·18

201 4027 259 4082 όταν
277 4029 304 4080 δέ
321 4028 428 4098 λάβηται
446 4027 474 4081 τὸ
494 4028 591 4096 σπέρμα
604 4031 650 4096 τῆς
665 4025 767 4094 ὑστέρας
785 4027 828 4078 καὶ
846 4025 1003 4097 έγχρονισθῖγ,
1021 4025 1087 4096 ὑμὴν
1106 4026 1265 4096 περιίσταται.
1295 4028 1405 4097 φαίνεται
1422 4031 1477 4098 γάρ,
1495 4029 1554 4084 όταν
1608 4046 1615 4058 ·

202 4119 258 4185 πρὶν
280 4113 466 4187 διαρθρωθῆναι
489 4114 592 4185 έξέλθη,
615 4115 665 4166 οῖον
689 4113 738 4183 ῳδν
761 4113 787 4165 έν
805 4112 875 4182 ὑμένι
893 4114 1066 4185 περιεχόμενον
1084 4111 1259 4183 ἀφαιρεθέντος
1276 4120 1320 4167 τοὺ
1339 4115 1474 4186 ὀστράκου·
1499 4116 1550 4171 ὁδ’

201 4203 267 4274 ὑμὴν
286 4202 386 4273 φλεβῶν
404 4202 493 4271 μεστός
506 4237 513 4251 .
526 4237 533 4251 .
547 4237 554 4251 .
568 4203 610 4254 καλ
628 4203 660 4254 τὰ
678 4203 722 4270 μέν
740 4202 893 4272 περιέχουσιν
913 4203 963 4254 οίον
986 4201 1085 4269 ὑμένες,
1106 4201 1138 4252 τὰ
1160 4200 1186 4253 δὲ
1208 4201 1293 4271 χόρια·
1319 4205 1362 4256 κοιλ
1385 4210 1484 4274 πρῶτον
1508 4207 1554 4273 μέν

200 4296 245 4344 τοὺ
264 4292 368 4361 ἐσχάτου
387 4289 455 4348 ἐντὸς
472 4290 562 4358 γίνεται
580 4291 609 4342 τό
623 4290 695 4359 ζῷον,
714 4288 756 4342 εἷθ’
773 4288 838 4358 ὑμὴν
856 4290 910 4359 περλ
927 4294 1015 4341 τοῦτον
1033 4287 1116 4353 ἄλλος,
1133 4288 1163 4340 τὸ
1182 4291 1226 4358 μέν
1239 4289 1351 4343 πλεῖστον
1369 4293 1553 4363 προσπεφυκὼς

200 4382 232 4449 τῇ
255 4379 351 4447 μήτρᾳ,
373 4381 406 4447 τῇ
426 4376 445 4429 δ’
461 4377 575 4447 ἀφεστὼς
596 4378 639 4430 καλ
660 4375 727 4446 ὑδωρ
750 4376 826 4446 έχων.
859 4375 950 4446 μεταξὺ
972 4375 991 4429 δ’
1007 4376 1112 4447 ὑγρότης
1131 4375 1261 4446 ὑδατώδης
1278 4377 1294 4448 ἢ
1313 4379 1459 4450 αἱματώδης
1476 4380 1490 4434 ό
1508 4399 1553 4433 κα-

201 4465 319 4535 λοὺμινος
338 4465 385 4518 ὑπὸ
404 4470 456 4517 τῶν
474 4471 598 4534 γυναικῶν
616 4464 747 4534 πρόφορος.
775 4463 808 4516 cf.
821 4480 907 4533 gener.
921 4466 999 4517 anim.
1012 4461 1063 4517 Β4
1082 4480 1107 4533 p.
1121 4463 1228 4518 739b26
1337 4467 1368 4519 19
1389 4466 1453 4536 εἶτα]
1473 4468 1554 4521 Arist.

202 4570 288 4623 gener.
298 4555 377 4605 anim.
387 4549 436 4605 135
453 4570 479 4622 p.
489 4553 558 4605 74112
568 4552 599 4605 15
616 4553 722 4623 γίγνεται
739 4551 765 4605 δὲ
780 4559 880 4620 πρῶτον
898 4553 914 4623 η
933 4552 1008 4623 άρχη.
1036 4549 1099 4623 αὑτη
1119 4551 1138 4604 δ’
1151 4553 1215 4605 ἐστὶν
1232 4554 1249 4623 η
1267 4553 1356 4625 καρδία
1375 4560 1425 4613 τοῖς
1439 4555 1554 4624 έναίμοις,

201 4647 252 4700 τοῖς
270 4638 289 4692 δ’
304 4639 386 4697 ἄλλοις
404 4640 433 4692 τό
452 4641 498 4693 ἀνὰ
515 4640 601 4710 λόγον,
624 4640 706 4712 ῶσπερ
725 4639 819 4711 εἴρηται
842 4639 968 4698 πολλάκις.
998 4641 1042 4693 καὶ
1062 4645 1137 4693 τοῦτο
1158 4642 1262 4713 φανερὸν
1284 4636 1312 4694 οὑ
1331 4642 1406 4710 μόνον
1424 4643 1490 4695 κατὰ
1507 4644 1554 4713 τὴν

202 4863 219 4917 5
237 4863 266 4916 τὸ
285 4864 310 4916 έν
328 4864 414 4937 γαστρὶ
431 4863 454 4916 λ.
467 4866 535 4917 coni.
547 4865 619 4919 Diels
707 4864 760 4917 8.9
779 4867 922 4937 κεκράτηκε
934 4866 1025 4930 (sic)P
1117 4864 1149 4919 13
1168 4864 1293 4933 ἀσιὺμεναι
1305 4866 1385 4919 Rosa:
1404 4866 1553 4935 ὀσόμςναιΡ
