<?xml version="1.0" encoding="UTF-8"?>
<!DOCTYPE html PUBLIC "-//W3C//DTD XHTML 1.0 Transitional//EN"
    "http://www.w3.org/TR/xhtml1/DTD/xhtml1-transitional.dtd">
<html xmlns="http://www.w3.org/1999/xhtml" xml:lang="en" lang="en">
 <head>
  <title>
</title>
<meta http-equiv="Content-Type" content="text/html;charset=utf-8" />
  <meta name='ocr-system' content='tesseract 3.04.00' />
  <meta name='ocr-capabilities' content='ocr_page ocr_carea ocr_par ocr_line ocrx_word'/>
</head>
<body>
  <div class='ocr_page' id='page_1' title='image "./supplementumari01arisgoog_0398.png"; bbox 0 0 3510 5610; ppageno 0'>
   <div class='ocr_carea' id='block_1_1' title="bbox 646 318 1562 388">
    <p class='ocr_par' dir='ltr' id='par_1_1' title="bbox 646 318 1562 388">
     <span class='ocr_line' id='line_1_1' title="bbox 646 318 1562 388; baseline 0 -15"><span class='ocrx_word' id='word_1_1' title='bbox 646 319 856 374; x_wconf 81' lang='lat' dir='ltr'>senone-sas</span> <span class='ocrx_word' id='word_1_2' title='bbox 877 321 922 374; x_wconf 76' lang='lat' dir='ltr'>so</span> <span class='ocrx_word' id='word_1_3' title='bbox 942 318 1122 375; x_wconf 84' lang='lat' dir='ltr'>esosaonn</span> <span class='ocrx_word' id='word_1_4' title='bbox 1520 321 1562 388; x_wconf 79' lang='grc'>69</span> 
     </span>
    </p>
   </div>
   <div class='ocr_carea' id='block_1_2' title="bbox 216 492 1579 2119">
    <p class='ocr_par' dir='ltr' id='par_1_2' title="bbox 258 492 1579 882">
     <span class='ocr_line' id='line_1_2' title="bbox 260 492 1579 578; baseline 0.004 -23"><span class='ocrx_word' id='word_1_5' title='bbox 260 492 395 556; x_wconf 90' lang='lat' dir='ltr'>rationes</span> <span class='ocrx_word' id='word_1_6' title='bbox 418 492 599 578; x_wconf 80' lang='lat' dir='ltr'>disciplinae</span> <span class='ocrx_word' id='word_1_7' title='bbox 622 501 653 558; x_wconf 89' lang='lat' dir='ltr'>et</span> <span class='ocrx_word' id='word_1_8' title='bbox 676 517 712 558; x_wconf 89' lang='lat' dir='ltr'>ex</span> <span class='ocrx_word' id='word_1_9' title='bbox 733 516 769 558; x_wconf 90' lang='lat' dir='ltr'>ea</span> <span class='ocrx_word' id='word_1_10' title='bbox 784 494 932 559; x_wconf 89' lang='lat' dir='ltr'>aduersus</span> <span class='ocrx_word' id='word_1_11' title='bbox 947 494 1135 558; x_wconf 90' lang='lat' dir='ltr'>medicorum</span> <span class='ocrx_word' id='word_1_12' title='bbox 1152 495 1383 558; x_wconf 76' lang='lat' dir='ltr'>dissonantiam.</span> <span class='ocrx_word' id='word_1_13' title='bbox 1429 493 1511 560; x_wconf 83' lang='lat' dir='ltr'>(lisca</span> <span class='ocrx_word' id='word_1_14' title='bbox 1529 508 1579 568; x_wconf 70' lang='lat'>569</span> 
     </span>
     <span class='ocr_line' id='line_1_3' title="bbox 260 594 1510 680; baseline 0.002 -23"><span class='ocrx_word' id='word_1_15' title='bbox 260 594 385 677; x_wconf 89' lang='lat' dir='ltr'>quidem</span> <span class='ocrx_word' id='word_1_16' title='bbox 408 596 651 675; x_wconf 79' lang='lat' dir='ltr'>multitudinem,</span> <span class='ocrx_word' id='word_1_17' title='bbox 674 597 727 660; x_wconf 90' lang='lat' dir='ltr'>sed</span> <span class='ocrx_word' id='word_1_18' title='bbox 749 619 846 661; x_wconf 91' lang='lat' dir='ltr'>unum</span> <span class='ocrx_word' id='word_1_19' title='bbox 867 605 898 661; x_wconf 90' lang='lat' dir='ltr'>et</span> <span class='ocrx_word' id='word_1_20' title='bbox 913 598 1045 661; x_wconf 90' lang='lat' dir='ltr'>eundem</span> <span class='ocrx_word' id='word_1_21' title='bbox 1062 597 1201 680; x_wconf 78' lang='lat' dir='ltr'>intellige</span> <span class='ocrx_word' id='word_1_22' title='bbox 1217 597 1407 675; x_wconf 82' lang='lat' dir='ltr'>artificalern,</span> <span class='ocrx_word' id='word_1_23' title='bbox 1430 599 1510 662; x_wconf 88' lang='lat' dir='ltr'>sicut</span> 
     </span>
     <span class='ocr_line' id='line_1_4' title="bbox 259 697 1510 784; baseline 0.004 -24"><span class='ocrx_word' id='word_1_24' title='bbox 259 697 355 760; x_wconf 90' lang='lat' dir='ltr'>etiam</span> <span class='ocrx_word' id='word_1_25' title='bbox 377 720 472 762; x_wconf 91' lang='lat' dir='ltr'>unam</span> <span class='ocrx_word' id='word_1_26' title='bbox 496 721 560 763; x_wconf 83' lang='lat' dir='ltr'>esse</span> <span class='ocrx_word' id='word_1_27' title='bbox 582 700 755 763; x_wconf 82' lang='lat' dir='ltr'>medicinae</span> <span class='ocrx_word' id='word_1_28' title='bbox 776 699 981 783; x_wconf 91' lang='lat' dir='ltr'>disciplinam.</span> <span class='ocrx_word' id='word_1_29' title='bbox 1027 722 1089 763; x_wconf 93' lang='lat' dir='ltr'>non</span> <span class='ocrx_word' id='word_1_30' title='bbox 1116 700 1249 784; x_wconf 90' lang='lat' dir='ltr'>amplius</span> <span class='ocrx_word' id='word_1_31' title='bbox 1276 699 1314 764; x_wconf 91' lang='lat' dir='ltr'>de</span> <span class='ocrx_word' id='word_1_32' title='bbox 1337 700 1510 765; x_wconf 83' lang='lat' dir='ltr'>differentia</span> 
     </span>
     <span class='ocr_line' id='line_1_5' title="bbox 258 800 1508 882; baseline 0.005 -21"><span class='ocrx_word' id='word_1_33' title='bbox 258 800 430 865; x_wconf 86' lang='lat' dir='ltr'>sanitatum</span> <span class='ocrx_word' id='word_1_34' title='bbox 443 808 507 866; x_wconf 77' lang='lat' dir='ltr'>‘aut</span> <span class='ocrx_word' id='word_1_35' title='bbox 531 803 624 866; x_wconf 89' lang='lat' dir='ltr'>etiam</span> <span class='ocrx_word' id='word_1_36' title='bbox 647 802 838 866; x_wconf 83' lang='lat' dir='ltr'>adhibitione</span> <span class='ocrx_word' id='word_1_37' title='bbox 860 802 1099 866; x_wconf 85' lang='lat' dir='ltr'>medicaminum</span> <span class='ocrx_word' id='word_1_38' title='bbox 1124 804 1377 882; x_wconf 89' lang='lat' dir='ltr'>conuenientium</span> <span class='ocrx_word' id='word_1_39' title='bbox 1393 810 1424 866; x_wconf 90' lang='lat' dir='ltr'>et</span> <span class='ocrx_word' id='word_1_40' title='bbox 1438 824 1508 867; x_wconf 89' lang='lat' dir='ltr'>con-</span> 
     </span>
    </p>

    <p class='ocr_par' dir='ltr' id='par_1_3' title="bbox 231 904 1550 1400">
     <span class='ocr_line' id='line_1_6' title="bbox 231 904 1507 989; baseline 0.005 -27"><span class='ocrx_word' id='word_1_41' title='bbox 231 904 419 988; x_wconf 78' lang='lat' dir='ltr'>asequentia</span> <span class='ocrx_word' id='word_1_42' title='bbox 442 927 514 968; x_wconf 92' lang='lat' dir='ltr'>cum</span> <span class='ocrx_word' id='word_1_43' title='bbox 536 905 749 969; x_wconf 89' lang='lat' dir='ltr'>laborantibus</span> <span class='ocrx_word' id='word_1_44' title='bbox 772 905 956 989; x_wconf 87' lang='lat' dir='ltr'>disceptabis</span> <span class='ocrx_word' id='word_1_45' title='bbox 978 905 1114 988; x_wconf 86' lang='lat' dir='ltr'>undique</span> <span class='ocrx_word' id='word_1_46' title='bbox 1137 905 1284 986; x_wconf 86' lang='lat' dir='ltr'>extincta,</span> <span class='ocrx_word' id='word_1_47' title='bbox 1307 913 1343 969; x_wconf 92' lang='lat' dir='ltr'>ut</span> <span class='ocrx_word' id='word_1_48' title='bbox 1365 906 1507 969; x_wconf 88' lang='lat' dir='ltr'>aestima·</span> 
     </span>
     <span class='ocr_line' id='line_1_7' title="bbox 256 1007 1550 1093; baseline -0.002 -23"><span class='ocrx_word' id='word_1_49' title='bbox 256 1028 338 1070; x_wconf 88' lang='lat' dir='ltr'>mus:</span> <span class='ocrx_word' id='word_1_50' title='bbox 367 1007 421 1070; x_wconf 87' lang='lat' dir='ltr'>sed</span> <span class='ocrx_word' id='word_1_51' title='bbox 446 1007 604 1071; x_wconf 87' lang='lat' dir='ltr'>artificalis</span> <span class='ocrx_word' id='word_1_52' title='bbox 631 1009 768 1072; x_wconf 88' lang='lat' dir='ltr'>medicus</span> <span class='ocrx_word' id='word_1_53' title='bbox 795 1008 936 1090; x_wconf 82' lang='lat' dir='ltr'>diligenti</span> <span class='ocrx_word' id='word_1_54' title='bbox 962 1008 1136 1091; x_wconf 81' lang='lat' dir='ltr'>cognitione</span> <span class='ocrx_word' id='word_1_55' title='bbox 1163 1009 1396 1093; x_wconf 88' lang='lat' dir='ltr'>perseipsum</span> <span class='ocrx_word' id='word_1_56' title='bbox 1418 1016 1550 1071; x_wconf 74' lang='lat' dir='ltr'>utensso</span> 
     </span>
     <span class='ocr_line' id='line_1_8' title="bbox 258 1109 1509 1194; baseline 0.002 -22"><span class='ocrx_word' id='word_1_57' title='bbox 258 1109 422 1194; x_wconf 85' lang='lat' dir='ltr'>disciplina</span> <span class='ocrx_word' id='word_1_58' title='bbox 444 1116 475 1173; x_wconf 91' lang='lat' dir='ltr'>et</span> <span class='ocrx_word' id='word_1_59' title='bbox 497 1111 708 1194; x_wconf 88' lang='lat' dir='ltr'>experimento</span> <span class='ocrx_word' id='word_1_60' title='bbox 731 1111 971 1175; x_wconf 87' lang='lat' dir='ltr'>medicaminum</span> <span class='ocrx_word' id='word_1_61' title='bbox 995 1117 1156 1192; x_wconf 78' lang='lat' dir='ltr'>cognoscet</span> <span class='ocrx_word' id='word_1_62' title='bbox 1177 1111 1395 1188; x_wconf 84' lang='lat' dir='ltr'>differentiam,</span> <span class='ocrx_word' id='word_1_63' title='bbox 1428 1111 1509 1175; x_wconf 91' lang='lat' dir='ltr'>sicut</span> 
     </span>
     <span class='ocr_line' id='line_1_9' title="bbox 259 1194 1508 1297; baseline 0 -21"><span class='ocrx_word' id='word_1_64' title='bbox 259 1213 353 1276; x_wconf 90' lang='lat' dir='ltr'>etiam</span> <span class='ocrx_word' id='word_1_65' title='bbox 378 1234 630 1297; x_wconf 84' lang='lat' dir='ltr'>unamquamque</span> <span class='ocrx_word' id='word_1_66' title='bbox 658 1214 946 1296; x_wconf 86' lang='lat' dir='ltr'>intelligentiarum:</span> <span class='ocrx_word' id='word_1_67' title='bbox 981 1213 1231 1297; x_wconf 89' lang='lat' dir='ltr'>quandoquidem</span> <span class='ocrx_word' id='word_1_68' title='bbox 1259 1235 1331 1278; x_wconf 89' lang='lat' dir='ltr'>aera</span> <span class='ocrx_word' id='word_1_69' title='bbox 1359 1194 1389 1277; x_wconf 80' lang='lat' dir='ltr'>et</span> <span class='ocrx_word' id='word_1_70' title='bbox 1417 1214 1508 1293; x_wconf 89' lang='lat' dir='ltr'>locos,</span> 
     </span>
     <span class='ocr_line' id='line_1_10' title="bbox 258 1316 1508 1400; baseline 0.001 -22"><span class='ocrx_word' id='word_1_71' title='bbox 258 1337 408 1399; x_wconf 87' lang='lat' dir='ltr'>aquarum</span> <span class='ocrx_word' id='word_1_72' title='bbox 440 1317 628 1380; x_wconf 88' lang='lat' dir='ltr'>alteritatem</span> <span class='ocrx_word' id='word_1_73' title='bbox 655 1316 822 1400; x_wconf 85' lang='lat' dir='ltr'>cognoscit,</span> <span class='ocrx_word' id='word_1_74' title='bbox 857 1323 888 1379; x_wconf 93' lang='lat' dir='ltr'>ot</span> <span class='ocrx_word' id='word_1_75' title='bbox 915 1316 1035 1399; x_wconf 84' lang='lat' dir='ltr'>proficit</span> <span class='ocrx_word' id='word_1_76' title='bbox 1063 1316 1295 1380; x_wconf 75' lang='lat' dir='ltr'>infirmitatibus</span> <span class='ocrx_word' id='word_1_77' title='bbox 1324 1317 1508 1381; x_wconf 84' lang='lat' dir='ltr'>naturaliter</span> 
     </span>
    </p>

    <p class='ocr_par' dir='ltr' id='par_1_4' title="bbox 219 1402 1547 1914">
     <span class='ocr_line' id='line_1_11' title="bbox 219 1402 1506 1503; baseline 0.005 -27"><span class='ocrx_word' id='word_1_78' title='bbox 219 1433 244 1477; x_wconf 88' lang='lat' dir='ltr'>ro</span> <span class='ocrx_word' id='word_1_79' title='bbox 258 1428 289 1482; x_wconf 89' lang='lat' dir='ltr'>et</span> <span class='ocrx_word' id='word_1_80' title='bbox 310 1418 495 1501; x_wconf 86' lang='lat' dir='ltr'>qualitatem</span> <span class='ocrx_word' id='word_1_81' title='bbox 518 1420 738 1483; x_wconf 85' lang='lat' dir='ltr'>calificantium</span> <span class='ocrx_word' id='word_1_82' title='bbox 762 1424 793 1482; x_wconf 91' lang='lat' dir='ltr'>et</span> <span class='ocrx_word' id='word_1_83' title='bbox 807 1419 1055 1501; x_wconf 89' lang='lat' dir='ltr'>refrigerantium</span> <span class='ocrx_word' id='word_1_84' title='bbox 1072 1427 1103 1482; x_wconf 89' lang='lat' dir='ltr'>et</span> <span class='ocrx_word' id='word_1_85' title='bbox 1118 1419 1252 1482; x_wconf 86' lang='lat' dir='ltr'>mediam</span> <span class='ocrx_word' id='word_1_86' title='bbox 1268 1402 1506 1503; x_wconf 84' lang='lat' dir='ltr'>temperantiam</span> 
     </span>
     <span class='ocr_line' id='line_1_12' title="bbox 258 1521 1506 1606; baseline -0.002 -21"><span class='ocrx_word' id='word_1_87' title='bbox 258 1521 439 1585; x_wconf 88' lang='lat' dir='ltr'>habentium</span> <span class='ocrx_word' id='word_1_88' title='bbox 464 1542 591 1585; x_wconf 88' lang='lat' dir='ltr'>noscens</span> <span class='ocrx_word' id='word_1_89' title='bbox 617 1530 649 1585; x_wconf 93' lang='lat' dir='ltr'>et</span> <span class='ocrx_word' id='word_1_90' title='bbox 677 1522 885 1605; x_wconf 87' lang='lat' dir='ltr'>quantitatem</span> <span class='ocrx_word' id='word_1_91' title='bbox 908 1521 1150 1605; x_wconf 89' lang='lat' dir='ltr'>uniuscuiusque</span> <span class='ocrx_word' id='word_1_92' title='bbox 1172 1521 1347 1605; x_wconf 89' lang='lat' dir='ltr'>ponderans</span> <span class='ocrx_word' id='word_1_93' title='bbox 1374 1532 1405 1586; x_wconf 91' lang='lat' dir='ltr'>et</span> <span class='ocrx_word' id='word_1_94' title='bbox 1427 1543 1506 1606; x_wconf 88' lang='lat' dir='ltr'>quae</span> 
     </span>
     <span class='ocr_line' id='line_1_13' title="bbox 257 1623 1547 1710; baseline -0.002 -23"><span class='ocrx_word' id='word_1_95' title='bbox 257 1625 298 1688; x_wconf 94' lang='lat' dir='ltr'>sit</span> <span class='ocrx_word' id='word_1_96' title='bbox 327 1624 427 1688; x_wconf 86' lang='lat' dir='ltr'>uirtus</span> <span class='ocrx_word' id='word_1_97' title='bbox 457 1645 610 1688; x_wconf 90' lang='lat' dir='ltr'>armorum</span> <span class='ocrx_word' id='word_1_98' title='bbox 639 1626 807 1689; x_wconf 86' lang='lat' dir='ltr'>mixtorum</span> <span class='ocrx_word' id='word_1_99' title='bbox 834 1623 874 1687; x_wconf 91' lang='lat' dir='ltr'>ad</span> <span class='ocrx_word' id='word_1_100' title='bbox 906 1625 968 1688; x_wconf 91' lang='lat' dir='ltr'>alia</span> <span class='ocrx_word' id='word_1_101' title='bbox 998 1632 1030 1688; x_wconf 89' lang='lat' dir='ltr'>ct</span> <span class='ocrx_word' id='word_1_102' title='bbox 1056 1646 1111 1710; x_wconf 91' lang='lat' dir='ltr'>per</span> <span class='ocrx_word' id='word_1_103' title='bbox 1137 1646 1170 1688; x_wconf 91' lang='lat' dir='ltr'>se</span> <span class='ocrx_word' id='word_1_104' title='bbox 1196 1625 1265 1709; x_wconf 88' lang='lat' dir='ltr'>ipsa</span> <span class='ocrx_word' id='word_1_105' title='bbox 1291 1625 1447 1689; x_wconf 89' lang='lat' dir='ltr'>datorum:</span> <span class='ocrx_word' id='word_1_106' title='bbox 1476 1634 1547 1691; x_wconf 81' lang='lat' dir='ltr'>atae</span> 
     </span>
     <span class='ocr_line' id='line_1_14' title="bbox 256 1726 1504 1812; baseline 0.003 -22"><span class='ocrx_word' id='word_1_107' title='bbox 256 1749 312 1812; x_wconf 92' lang='lat' dir='ltr'>per</span> <span class='ocrx_word' id='word_1_108' title='bbox 334 1727 456 1790; x_wconf 88' lang='lat' dir='ltr'>nullum</span> <span class='ocrx_word' id='word_1_109' title='bbox 478 1735 602 1811; x_wconf 90' lang='lat' dir='ltr'>tempus</span> <span class='ocrx_word' id='word_1_110' title='bbox 624 1734 679 1791; x_wconf 88' lang='lat' dir='ltr'>aut</span> <span class='ocrx_word' id='word_1_111' title='bbox 700 1726 828 1790; x_wconf 91' lang='lat' dir='ltr'>modum</span> <span class='ocrx_word' id='word_1_112' title='bbox 850 1727 981 1811; x_wconf 87' lang='lat' dir='ltr'>propriis</span> <span class='ocrx_word' id='word_1_113' title='bbox 1003 1727 1140 1791; x_wconf 86' lang='lat' dir='ltr'>obstabit</span> <span class='ocrx_word' id='word_1_114' title='bbox 1162 1735 1193 1790; x_wconf 90' lang='lat' dir='ltr'>et</span> <span class='ocrx_word' id='word_1_115' title='bbox 1214 1727 1252 1790; x_wconf 88' lang='lat' dir='ltr'>ad</span> <span class='ocrx_word' id='word_1_116' title='bbox 1275 1748 1396 1811; x_wconf 91' lang='lat' dir='ltr'>semper</span> <span class='ocrx_word' id='word_1_117' title='bbox 1409 1730 1504 1794; x_wconf 88' lang='lat' dir='ltr'>fluen-</span> 
     </span>
     <span class='ocr_line' id='line_1_15' title="bbox 256 1830 1505 1914; baseline 0.004 -22"><span class='ocrx_word' id='word_1_118' title='bbox 256 1836 320 1892; x_wconf 90' lang='lat' dir='ltr'>tem</span> <span class='ocrx_word' id='word_1_119' title='bbox 343 1850 505 1913; x_wconf 88' lang='lat' dir='ltr'>corporum</span> <span class='ocrx_word' id='word_1_120' title='bbox 527 1830 690 1893; x_wconf 89' lang='lat' dir='ltr'>materiam</span> <span class='ocrx_word' id='word_1_121' title='bbox 712 1836 743 1893; x_wconf 90' lang='lat' dir='ltr'>et</span> <span class='ocrx_word' id='word_1_122' title='bbox 764 1830 943 1893; x_wconf 85' lang='lat' dir='ltr'>motabilem</span> <span class='ocrx_word' id='word_1_123' title='bbox 967 1837 1113 1914; x_wconf 88' lang='lat' dir='ltr'>coaptans</span> <span class='ocrx_word' id='word_1_124' title='bbox 1136 1831 1303 1894; x_wconf 84' lang='lat' dir='ltr'>uniformes</span> <span class='ocrx_word' id='word_1_125' title='bbox 1332 1832 1505 1897; x_wconf 86' lang='lat' dir='ltr'>curationes</span> 
     </span>
    </p>

    <p class='ocr_par' dir='ltr' id='par_1_5' title="bbox 216 1932 1522 2119">
     <span class='ocr_line' id='line_1_16' title="bbox 216 1932 1522 2017; baseline 0.005 -25"><span class='ocrx_word' id='word_1_126' title='bbox 216 1948 243 1992; x_wconf 85' lang='lat'>15</span> <span class='ocrx_word' id='word_1_127' title='bbox 256 1938 312 1998; x_wconf 87' lang='lat' dir='ltr'>aut</span> <span class='ocrx_word' id='word_1_128' title='bbox 333 1934 428 1997; x_wconf 86' lang='lat' dir='ltr'>etiam</span> <span class='ocrx_word' id='word_1_129' title='bbox 444 1933 605 2017; x_wconf 86' lang='lat' dir='ltr'>speciebus</span> <span class='ocrx_word' id='word_1_130' title='bbox 620 1933 803 1995; x_wconf 84' lang='lat' dir='ltr'>commixtas</span> <span class='ocrx_word' id='word_1_131' title='bbox 818 1932 850 1995; x_wconf 94' lang='lat' dir='ltr'>in</span> <span class='ocrx_word' id='word_1_132' title='bbox 866 1952 1011 1996; x_wconf 87' lang='lat' dir='ltr'>mensura</span> <span class='ocrx_word' id='word_1_133' title='bbox 1027 1932 1162 2016; x_wconf 90' lang='lat' dir='ltr'>quadam</span> <span class='ocrx_word' id='word_1_134' title='bbox 1178 1938 1209 1996; x_wconf 90' lang='lat' dir='ltr'>et</span> <span class='ocrx_word' id='word_1_135' title='bbox 1223 1932 1358 2016; x_wconf 90' lang='lat' dir='ltr'>pondere</span> <span class='ocrx_word' id='word_1_136' title='bbox 1373 1933 1522 2011; x_wconf 68' lang='lat' dir='ltr'>diffinio,</span> 
     </span>
     <span class='ocr_line' id='line_1_17' title="bbox 257 2035 615 2119; baseline -0.006 -19"><span class='ocrx_word' id='word_1_137' title='bbox 257 2035 467 2119; x_wconf 88' lang='lat' dir='ltr'>indigentibus</span> <span class='ocrx_word' id='word_1_138' title='bbox 490 2035 615 2100; x_wconf 88' lang='lat' dir='ltr'>addens.</span> 
     </span>
    </p>
   </div>
   <div class='ocr_carea' id='block_1_3' title="bbox 799 2360 966 2428">
    <p class='ocr_par' dir='ltr' id='par_1_6' title="bbox 799 2360 966 2428">
     <span class='ocr_line' id='line_1_18' title="bbox 799 2360 966 2428; baseline 0.006 -1"><span class='ocrx_word' id='word_1_139' title='bbox 799 2360 893 2427; x_wconf 82' lang='lat' dir='ltr'><strong><em>CAP.</em></strong></span> <span class='ocrx_word' id='word_1_140' title='bbox 916 2363 966 2428; x_wconf 87' lang='lat' dir='ltr'>VI.</span> 
     </span>
    </p>
   </div>
   <div class='ocr_carea' id='block_1_4' title="bbox 767 2534 994 2600">
    <p class='ocr_par' dir='ltr' id='par_1_7' title="bbox 767 2534 994 2600">
     <span class='ocr_line' id='line_1_19' title="bbox 767 2534 994 2600; baseline 0 -1"><span class='ocrx_word' id='word_1_141' title='bbox 767 2534 888 2600; x_wconf 77' lang='lat' dir='ltr'>Titulus</span> <span class='ocrx_word' id='word_1_142' title='bbox 909 2536 994 2600; x_wconf 78' lang='lat' dir='ltr'>deest.</span> 
     </span>
    </p>
   </div>
   <div class='ocr_carea' id='block_1_5' title="bbox 210 2724 1570 4142">
    <p class='ocr_par' dir='ltr' id='par_1_8' title="bbox 210 2724 1570 4142">
     <span class='ocr_line' id='line_1_20' title="bbox 339 2724 1504 2815; baseline -0.001 -26"><span class='ocrx_word' id='word_1_143' title='bbox 339 2725 378 2789; x_wconf 86' lang='lat' dir='ltr'>Et</span> <span class='ocrx_word' id='word_1_144' title='bbox 399 2726 456 2789; x_wconf 90' lang='lat' dir='ltr'>hoc</span> <span class='ocrx_word' id='word_1_145' title='bbox 479 2744 615 2808; x_wconf 88' lang='lat' dir='ltr'>quoque:</span> <span class='ocrx_word' id='word_1_146' title='bbox 639 2744 734 2807; x_wconf 87' lang='lat' dir='ltr'>quare</span> <span class='ocrx_word' id='word_1_147' title='bbox 756 2724 895 2789; x_wconf 87' lang='lat' dir='ltr'>Rubrum</span> <span class='ocrx_word' id='word_1_148' title='bbox 917 2746 1002 2790; x_wconf 90' lang='lat' dir='ltr'>mare</span> <span class='ocrx_word' id='word_1_149' title='bbox 1024 2725 1235 2815; x_wconf 85' lang='lat' dir='ltr'>persingulas</span> <span class='ocrx_word' id='word_1_150' title='bbox 1258 2733 1363 2790; x_wconf 90' lang='lat' dir='ltr'>noctes</span> <span class='ocrx_word' id='word_1_151' title='bbox 1378 2725 1504 2807; x_wconf 87' lang='lat' dir='ltr'>diesque</span> 
     </span>
     <span class='ocr_line' id='line_1_21' title="bbox 212 2818 1504 2913; baseline 0.002 -25"><span class='ocrx_word' id='word_1_152' title='bbox 212 2844 240 2888; x_wconf 86' lang='lat' dir='ltr'>ao</span> <span class='ocrx_word' id='word_1_153' title='bbox 254 2838 301 2895; x_wconf 92' lang='lat' dir='ltr'>est</span> <span class='ocrx_word' id='word_1_154' title='bbox 327 2829 452 2913; x_wconf 91' lang='lat' dir='ltr'>quidem</span> <span class='ocrx_word' id='word_1_155' title='bbox 480 2826 603 2911; x_wconf 88' lang='lat' dir='ltr'>quando</span> <span class='ocrx_word' id='word_1_156' title='bbox 635 2825 787 2890; x_wconf 91' lang='lat' dir='ltr'>redundat</span> <span class='ocrx_word' id='word_1_157' title='bbox 819 2818 927 2911; x_wconf 78' lang='lat' dir='ltr'>estque</span> <span class='ocrx_word' id='word_1_158' title='bbox 953 2827 1076 2912; x_wconf 88' lang='lat' dir='ltr'>quando</span> <span class='ocrx_word' id='word_1_159' title='bbox 1103 2849 1256 2892; x_wconf 86' lang='lat' dir='ltr'>recessum</span> <span class='ocrx_word' id='word_1_160' title='bbox 1283 2833 1439 2913; x_wconf 81' lang='lat' dir='ltr'>expectat,</span> <span class='ocrx_word' id='word_1_161' title='bbox 1473 2833 1504 2891; x_wconf 89' lang='lat' dir='ltr'>et</span> 
     </span>
     <span class='ocr_line' id='line_1_22' title="bbox 254 2928 1570 3015; baseline -0.002 -19"><span class='ocrx_word' id='word_1_162' title='bbox 254 2931 459 2996; x_wconf 89' lang='lat' dir='ltr'>redundantia</span> <span class='ocrx_word' id='word_1_163' title='bbox 486 2931 611 3015; x_wconf 91' lang='lat' dir='ltr'>quidem</span> <span class='ocrx_word' id='word_1_164' title='bbox 640 2928 788 2993; x_wconf 90' lang='lat' dir='ltr'>lunaliter</span> <span class='ocrx_word' id='word_1_165' title='bbox 815 2937 966 3013; x_wconf 90' lang='lat' dir='ltr'>quantum</span> <span class='ocrx_word' id='word_1_166' title='bbox 994 2930 1094 2994; x_wconf 83' lang='lat' dir='ltr'>diflert</span> <span class='ocrx_word' id='word_1_167' title='bbox 1122 2930 1155 2994; x_wconf 91' lang='lat' dir='ltr'>in</span> <span class='ocrx_word' id='word_1_168' title='bbox 1177 2930 1247 3014; x_wconf 88' lang='lat' dir='ltr'>plus</span> <span class='ocrx_word' id='word_1_169' title='bbox 1270 2938 1300 2995; x_wconf 92' lang='lat' dir='ltr'>et</span> <span class='ocrx_word' id='word_1_170' title='bbox 1322 2929 1440 3008; x_wconf 81' lang='lat' dir='ltr'>minus,</span> <span class='ocrx_word' id='word_1_171' title='bbox 1473 2938 1504 2995; x_wconf 88' lang='lat' dir='ltr'>et</span> <span class='ocrx_word' id='word_1_172' title='bbox 1521 2944 1570 3003; x_wconf 70' lang='lat' dir='ltr'>sto</span> 
     </span>
     <span class='ocr_line' id='line_1_23' title="bbox 253 3032 1502 3118; baseline -0.002 -19"><span class='ocrx_word' id='word_1_173' title='bbox 253 3055 355 3118; x_wconf 90' lang='lat' dir='ltr'>neque</span> <span class='ocrx_word' id='word_1_174' title='bbox 385 3034 418 3097; x_wconf 95' lang='lat' dir='ltr'>in</span> <span class='ocrx_word' id='word_1_175' title='bbox 445 3032 650 3097; x_wconf 86' lang='lat' dir='ltr'>redundantia</span> <span class='ocrx_word' id='word_1_176' title='bbox 682 3037 825 3115; x_wconf 78' lang='lat' dir='ltr'>augetur,</span> <span class='ocrx_word' id='word_1_177' title='bbox 859 3054 959 3117; x_wconf 87' lang='lat' dir='ltr'>neque</span> <span class='ocrx_word' id='word_1_178' title='bbox 991 3033 1024 3096; x_wconf 87' lang='lat' dir='ltr'>in</span> <span class='ocrx_word' id='word_1_179' title='bbox 1056 3033 1261 3097; x_wconf 89' lang='lat' dir='ltr'>minoratione</span> <span class='ocrx_word' id='word_1_180' title='bbox 1294 3032 1502 3116; x_wconf 88' lang='lat' dir='ltr'>priuationem</span> 
     </span>
     <span class='ocr_line' id='line_1_24' title="bbox 253 3134 1501 3221; baseline -0.003 -19"><span class='ocrx_word' id='word_1_181' title='bbox 253 3159 406 3221; x_wconf 86' lang='lat' dir='ltr'>aquarum</span> <span class='ocrx_word' id='word_1_182' title='bbox 429 3137 538 3200; x_wconf 87' lang='lat' dir='ltr'>dicunt</span> <span class='ocrx_word' id='word_1_183' title='bbox 559 3134 639 3214; x_wconf 81' lang='lat' dir='ltr'>fieri3</span> <span class='ocrx_word' id='word_1_184' title='bbox 662 3155 763 3218; x_wconf 91' lang='lat' dir='ltr'>neque</span> <span class='ocrx_word' id='word_1_185' title='bbox 785 3135 899 3199; x_wconf 89' lang='lat' dir='ltr'>iterum</span> <span class='ocrx_word' id='word_1_186' title='bbox 916 3135 1123 3200; x_wconf 88' lang='lat' dir='ltr'>redundantia</span> <span class='ocrx_word' id='word_1_187' title='bbox 1138 3141 1303 3199; x_wconf 89' lang='lat' dir='ltr'>uentorum</span> <span class='ocrx_word' id='word_1_188' title='bbox 1318 3135 1501 3199; x_wconf 88' lang='lat' dir='ltr'>necessitate</span> 
     </span>
     <span class='ocr_line' id='line_1_25' title="bbox 253 3236 1500 3325; baseline -0.005 -20"><span class='ocrx_word' id='word_1_189' title='bbox 253 3262 353 3325; x_wconf 89' lang='lat' dir='ltr'>neque</span> <span class='ocrx_word' id='word_1_190' title='bbox 376 3261 512 3305; x_wconf 88' lang='lat' dir='ltr'>recessus</span> <span class='ocrx_word' id='word_1_191' title='bbox 534 3237 660 3301; x_wconf 92' lang='lat' dir='ltr'>illorum</span> <span class='ocrx_word' id='word_1_192' title='bbox 682 3236 804 3301; x_wconf 89' lang='lat' dir='ltr'>silentio</span> <span class='ocrx_word' id='word_1_193' title='bbox 827 3239 971 3302; x_wconf 87' lang='lat' dir='ltr'>efficitur:</span> <span class='ocrx_word' id='word_1_194' title='bbox 1000 3246 1032 3303; x_wconf 93' lang='lat' dir='ltr'>et</span> <span class='ocrx_word' id='word_1_195' title='bbox 1059 3238 1118 3302; x_wconf 90' lang='lat' dir='ltr'>hoc</span> <span class='ocrx_word' id='word_1_196' title='bbox 1144 3259 1267 3321; x_wconf 89' lang='lat' dir='ltr'>quoque</span> <span class='ocrx_word' id='word_1_197' title='bbox 1290 3238 1500 3315; x_wconf 81' lang='lat' dir='ltr'>manifestum,</span> 
     </span>
     <span class='ocr_line' id='line_1_26' title="bbox 212 3340 1542 3428; baseline -0.003 -26"><span class='ocrx_word' id='word_1_198' title='bbox 212 3357 240 3402; x_wconf 77' lang='lat'>25</span> <span class='ocrx_word' id='word_1_199' title='bbox 253 3344 327 3428; x_wconf 92' lang='lat' dir='ltr'>quia</span> <span class='ocrx_word' id='word_1_200' title='bbox 349 3343 493 3406; x_wconf 80' lang='lat' dir='ltr'>maximis</span> <span class='ocrx_word' id='word_1_201' title='bbox 516 3340 696 3404; x_wconf 90' lang='lat' dir='ltr'>fluminibus</span> <span class='ocrx_word' id='word_1_202' title='bbox 718 3361 840 3425; x_wconf 90' lang='lat' dir='ltr'>semper</span> <span class='ocrx_word' id='word_1_203' title='bbox 860 3341 1062 3405; x_wconf 89' lang='lat' dir='ltr'>influentibus</span> <span class='ocrx_word' id='word_1_204' title='bbox 1085 3348 1117 3404; x_wconf 91' lang='lat' dir='ltr'>et</span> <span class='ocrx_word' id='word_1_205' title='bbox 1137 3341 1256 3405; x_wconf 82' lang='lat' dir='ltr'>refluxu</span> <span class='ocrx_word' id='word_1_206' title='bbox 1271 3361 1333 3404; x_wconf 93' lang='lat' dir='ltr'>non</span> <span class='ocrx_word' id='word_1_207' title='bbox 1349 3341 1542 3404; x_wconf 80' lang='lat' dir='ltr'>existentem</span> 
     </span>
     <span class='ocr_line' id='line_1_27' title="bbox 252 3443 1501 3527; baseline -0.001 -17"><span class='ocrx_word' id='word_1_208' title='bbox 252 3446 339 3510; x_wconf 89' lang='lat' dir='ltr'>nulla</span> <span class='ocrx_word' id='word_1_209' title='bbox 361 3445 491 3509; x_wconf 87' lang='lat' dir='ltr'>adiectio</span> <span class='ocrx_word' id='word_1_210' title='bbox 514 3443 608 3507; x_wconf 90' lang='lat' dir='ltr'>maris</span> <span class='ocrx_word' id='word_1_211' title='bbox 631 3464 781 3527; x_wconf 89' lang='lat' dir='ltr'>aquarum</span> <span class='ocrx_word' id='word_1_212' title='bbox 804 3449 941 3527; x_wconf 87' lang='lat' dir='ltr'>apparot.</span> <span class='ocrx_word' id='word_1_213' title='bbox 986 3443 1024 3506; x_wconf 90' lang='lat' dir='ltr'>de</span> <span class='ocrx_word' id='word_1_214' title='bbox 1046 3464 1169 3507; x_wconf 88' lang='lat' dir='ltr'>accessu</span> <span class='ocrx_word' id='word_1_215' title='bbox 1191 3465 1245 3527; x_wconf 89' lang='lat' dir='ltr'>per</span> <span class='ocrx_word' id='word_1_216' title='bbox 1259 3443 1401 3507; x_wconf 86' lang='lat' dir='ltr'>Rubrum</span> <span class='ocrx_word' id='word_1_217' title='bbox 1416 3466 1501 3510; x_wconf 90' lang='lat' dir='ltr'>mare</span> 
     </span>
     <span class='ocr_line' id='line_1_28' title="bbox 253 3545 1501 3631; baseline -0.001 -18"><span class='ocrx_word' id='word_1_218' title='bbox 253 3554 284 3613; x_wconf 90' lang='lat' dir='ltr'>et</span> <span class='ocrx_word' id='word_1_219' title='bbox 305 3570 441 3626; x_wconf 84' lang='lat' dir='ltr'>recessu,</span> <span class='ocrx_word' id='word_1_220' title='bbox 469 3554 501 3611; x_wconf 92' lang='lat' dir='ltr'>et</span> <span class='ocrx_word' id='word_1_221' title='bbox 522 3567 577 3631; x_wconf 88' lang='lat' dir='ltr'>per</span> <span class='ocrx_word' id='word_1_222' title='bbox 599 3545 782 3609; x_wconf 81' lang='lat' dir='ltr'>exteriorem</span> <span class='ocrx_word' id='word_1_223' title='bbox 805 3545 962 3609; x_wconf 87' lang='lat' dir='ltr'>Oceanum</span> <span class='ocrx_word' id='word_1_224' title='bbox 983 3546 1098 3610; x_wconf 89' lang='lat' dir='ltr'>talibus</span> <span class='ocrx_word' id='word_1_225' title='bbox 1119 3546 1208 3609; x_wconf 90' lang='lat' dir='ltr'>factis</span> <span class='ocrx_word' id='word_1_226' title='bbox 1229 3545 1423 3630; x_wconf 79' lang='lat' dir='ltr'>passionibus</span> <span class='ocrx_word' id='word_1_227' title='bbox 1450 3548 1501 3612; x_wconf 89' lang='lat' dir='ltr'>uel</span> 
     </span>
     <span class='ocr_line' id='line_1_29' title="bbox 252 3635 1502 3732; baseline 0 -18"><span class='ocrx_word' id='word_1_228' title='bbox 252 3651 284 3714; x_wconf 95' lang='lat' dir='ltr'>in</span> <span class='ocrx_word' id='word_1_229' title='bbox 308 3651 376 3714; x_wconf 88' lang='lat' dir='ltr'>aliis</span> <span class='ocrx_word' id='word_1_230' title='bbox 396 3650 493 3714; x_wconf 90' lang='lat' dir='ltr'>maris</span> <span class='ocrx_word' id='word_1_231' title='bbox 515 3647 612 3712; x_wconf 91' lang='lat' dir='ltr'>nostri</span> <span class='ocrx_word' id='word_1_232' title='bbox 633 3647 785 3732; x_wconf 88' lang='lat' dir='ltr'>partibus,</span> <span class='ocrx_word' id='word_1_233' title='bbox 815 3648 916 3712; x_wconf 88' lang='lat' dir='ltr'>multa</span> <span class='ocrx_word' id='word_1_234' title='bbox 942 3648 1067 3732; x_wconf 91' lang='lat' dir='ltr'>quidem</span> <span class='ocrx_word' id='word_1_235' title='bbox 1089 3648 1263 3712; x_wconf 76' lang='lat' dir='ltr'>differenter</span> <span class='ocrx_word' id='word_1_236' title='bbox 1285 3635 1462 3714; x_wconf 88' lang='lat' dir='ltr'>dictasunt</span> <span class='ocrx_word' id='word_1_237' title='bbox 1482 3672 1502 3714; x_wconf 88' lang='lat' dir='ltr'>a</span> 
     </span>
     <span class='ocr_line' id='line_1_30' title="bbox 251 3750 1501 3843; baseline 0 -26"><span class='ocrx_word' id='word_1_238' title='bbox 251 3753 422 3818; x_wconf 90' lang='lat' dir='ltr'>ueteribus:</span> <span class='ocrx_word' id='word_1_239' title='bbox 457 3752 511 3835; x_wconf 93' lang='lat' dir='ltr'>qui</span> <span class='ocrx_word' id='word_1_240' title='bbox 538 3757 642 3814; x_wconf 89' lang='lat' dir='ltr'>autem</span> <span class='ocrx_word' id='word_1_241' title='bbox 668 3750 815 3814; x_wconf 88' lang='lat' dir='ltr'>uidentur</span> <span class='ocrx_word' id='word_1_242' title='bbox 840 3772 881 3843; x_wconf 84' lang='lat' dir='ltr'>ex</span> <span class='ocrx_word' id='word_1_243' title='bbox 907 3751 1051 3815; x_wconf 90' lang='lat' dir='ltr'>omnibus</span> <span class='ocrx_word' id='word_1_244' title='bbox 1079 3750 1235 3834; x_wconf 87' lang='lat' dir='ltr'>collegisse</span> <span class='ocrx_word' id='word_1_245' title='bbox 1257 3751 1328 3815; x_wconf 92' lang='lat' dir='ltr'>talis</span> <span class='ocrx_word' id='word_1_246' title='bbox 1350 3752 1501 3835; x_wconf 84' lang='lat' dir='ltr'>passionis</span> 
     </span>
     <span class='ocr_line' id='line_1_31' title="bbox 210 3851 1502 3938; baseline 0.002 -21"><span class='ocrx_word' id='word_1_247' title='bbox 210 3872 370 3934; x_wconf 84' lang='lat' dir='ltr'>accensas,</span> <span class='ocrx_word' id='word_1_248' title='bbox 393 3854 515 3920; x_wconf 88' lang='lat' dir='ltr'>Stoicus</span> <span class='ocrx_word' id='word_1_249' title='bbox 537 3860 582 3916; x_wconf 91' lang='lat' dir='ltr'>est</span> <span class='ocrx_word' id='word_1_250' title='bbox 597 3851 779 3916; x_wconf 86' lang='lat' dir='ltr'>Posidonius</span> <span class='ocrx_word' id='word_1_251' title='bbox 794 3852 940 3936; x_wconf 86' lang='lat' dir='ltr'>Assyrius</span> <span class='ocrx_word' id='word_1_252' title='bbox 961 3860 993 3917; x_wconf 91' lang='lat' dir='ltr'>et</span> <span class='ocrx_word' id='word_1_253' title='bbox 1015 3853 1043 3917; x_wconf 92' lang='lat' dir='ltr'>ei</span> <span class='ocrx_word' id='word_1_254' title='bbox 1062 3853 1300 3935; x_wconf 84' lang='lat' dir='ltr'>consentientes,</span> <span class='ocrx_word' id='word_1_255' title='bbox 1323 3875 1455 3938; x_wconf 92' lang='lat' dir='ltr'>quorum</span> <span class='ocrx_word' id='word_1_256' title='bbox 1471 3862 1502 3919; x_wconf 90' lang='lat' dir='ltr'>et</span> 
     </span>
     <span class='ocr_line' id='line_1_32' title="bbox 253 3955 1541 4040; baseline -0.005 -17"><span class='ocrx_word' id='word_1_257' title='bbox 253 3958 401 4023; x_wconf 82' lang='lat' dir='ltr'>Arrianus</span> <span class='ocrx_word' id='word_1_258' title='bbox 424 3955 576 4040; x_wconf 89' lang='lat' dir='ltr'>approbat</span> <span class='ocrx_word' id='word_1_259' title='bbox 597 3955 794 4019; x_wconf 89' lang='lat' dir='ltr'>sententiam.</span> <span class='ocrx_word' id='word_1_260' title='bbox 839 3955 947 4019; x_wconf 90' lang='lat' dir='ltr'>dicunt</span> <span class='ocrx_word' id='word_1_261' title='bbox 973 3955 1056 4019; x_wconf 91' lang='lat' dir='ltr'>enim</span> <span class='ocrx_word' id='word_1_262' title='bbox 1078 3955 1197 4019; x_wconf 91' lang='lat' dir='ltr'>moueri</span> <span class='ocrx_word' id='word_1_263' title='bbox 1220 3955 1405 4019; x_wconf 86' lang='lat' dir='ltr'>exteriorem</span> <span class='ocrx_word' id='word_1_264' title='bbox 1427 3957 1500 4022; x_wconf 90' lang='lat' dir='ltr'>Oce·</span> <span class='ocrx_word' id='word_1_265' title='bbox 1513 3974 1541 4016; x_wconf 78' lang='lat' dir='ltr'>so</span> 
     </span>
     <span class='ocr_line' id='line_1_33' title="bbox 252 4057 1500 4142; baseline -0.002 -16"><span class='ocrx_word' id='word_1_266' title='bbox 252 4082 348 4126; x_wconf 88' lang='lat' dir='ltr'>anum</span> <span class='ocrx_word' id='word_1_267' title='bbox 370 4059 410 4124; x_wconf 88' lang='lat' dir='ltr'>ad</span> <span class='ocrx_word' id='word_1_268' title='bbox 430 4060 524 4122; x_wconf 88' lang='lat' dir='ltr'>lunae</span> <span class='ocrx_word' id='word_1_269' title='bbox 546 4057 715 4136; x_wconf 86' lang='lat' dir='ltr'>ambitum,</span> <span class='ocrx_word' id='word_1_270' title='bbox 743 4058 878 4142; x_wconf 90' lang='lat' dir='ltr'>compati</span> <span class='ocrx_word' id='word_1_271' title='bbox 898 4078 973 4122; x_wconf 88' lang='lat' dir='ltr'>uero</span> <span class='ocrx_word' id='word_1_272' title='bbox 995 4058 1125 4122; x_wconf 89' lang='lat' dir='ltr'>interius</span> <span class='ocrx_word' id='word_1_273' title='bbox 1147 4079 1247 4122; x_wconf 87' lang='lat' dir='ltr'>mare:</span> <span class='ocrx_word' id='word_1_274' title='bbox 1274 4057 1364 4123; x_wconf 84' lang='lat' dir='ltr'>iuxta</span> <span class='ocrx_word' id='word_1_275' title='bbox 1385 4059 1500 4124; x_wconf 89' lang='lat' dir='ltr'>celum-</span> 
     </span>
    </p>
   </div>
   <div class='ocr_carea' id='block_1_6' title="bbox 196 4278 1276 4349">
    <p class='ocr_par' dir='ltr' id='par_1_9' title="bbox 196 4278 1276 4349">
     <span class='ocr_line' id='line_1_34' title="bbox 196 4278 1276 4349; baseline -0.005 -13"><span class='ocrx_word' id='word_1_276' title='bbox 196 4282 232 4336; x_wconf 83' lang='lat'>30</span> <span class='ocrx_word' id='word_1_277' title='bbox 250 4281 282 4335; x_wconf 84' lang='lat' dir='ltr'>cf.</span> <span class='ocrx_word' id='word_1_278' title='bbox 301 4280 436 4334; x_wconf 87' lang='lat' dir='ltr'>Posidonii</span> <span class='ocrx_word' id='word_1_279' title='bbox 454 4279 500 4332; x_wconf 93' lang='lat' dir='ltr'>rel.</span> <span class='ocrx_word' id='word_1_280' title='bbox 518 4278 667 4347; x_wconf 88' lang='lat' dir='ltr'>p.103sqq.</span> <span class='ocrx_word' id='word_1_281' title='bbox 686 4279 726 4331; x_wconf 86' lang='lat' dir='ltr'>ed.</span> <span class='ocrx_word' id='word_1_282' title='bbox 745 4278 826 4343; x_wconf 87' lang='lat' dir='ltr'>Bake,</span> <span class='ocrx_word' id='word_1_283' title='bbox 844 4278 949 4331; x_wconf 83' lang='lat' dir='ltr'>Mueller</span> <span class='ocrx_word' id='word_1_284' title='bbox 968 4278 996 4330; x_wconf 76' lang='lat' dir='ltr'>F.</span> <span class='ocrx_word' id='word_1_285' title='bbox 1008 4279 1039 4331; x_wconf 85' lang='grc' dir='ltr'>Η.</span> <span class='ocrx_word' id='word_1_286' title='bbox 1049 4278 1108 4332; x_wconf 60' lang='grc'><strong>(1.3</strong></span> <span class='ocrx_word' id='word_1_287' title='bbox 1127 4279 1276 4349; x_wconf 60' lang='lat' dir='ltr'>pltllsqq.</span> 
     </span>
    </p>
   </div>
   <div class='ocr_carea' id='block_1_7' title="bbox 186 4484 1553 4991">
    <p class='ocr_par' dir='ltr' id='par_1_10' title="bbox 186 4484 1553 4991">
     <span class='ocr_line' id='line_1_35' title="bbox 196 4484 1551 4555; baseline -0.004 -13"><span class='ocrx_word' id='word_1_288' title='bbox 196 4488 213 4542; x_wconf 81' lang='lat'>5</span> <span class='ocrx_word' id='word_1_289' title='bbox 240 4502 299 4540; x_wconf 82' lang='lat' dir='ltr'>cum</span> <span class='ocrx_word' id='word_1_290' title='bbox 317 4504 362 4537; x_wconf 87' lang='lat' dir='ltr'>om.</span> <span class='ocrx_word' id='word_1_291' title='bbox 384 4485 419 4536; x_wconf 82' lang='lat'>0¹</span> <span class='ocrx_word' id='word_1_292' title='bbox 542 4486 557 4537; x_wconf 87' lang='grc'><strong>6</strong></span> <span class='ocrx_word' id='word_1_293' title='bbox 585 4486 710 4554; x_wconf 86' lang='lat' dir='ltr'>deligenti</span> <span class='ocrx_word' id='word_1_294' title='bbox 731 4486 754 4536; x_wconf 80' lang='lat' dir='ltr'><em>G</em></span> <span class='ocrx_word' id='word_1_295' title='bbox 881 4484 897 4537; x_wconf 88' lang='grc'><strong>8</strong></span> <span class='ocrx_word' id='word_1_296' title='bbox 920 4497 979 4554; x_wconf 78' lang='lat' dir='ltr'>post</span> <span class='ocrx_word' id='word_1_297' title='bbox 998 4487 1074 4538; x_wconf 83' lang='lat' dir='ltr'>etiam</span> <span class='ocrx_word' id='word_1_298' title='bbox 1093 4504 1143 4537; x_wconf 78' lang='lat' dir='ltr'>aaa</span> <span class='ocrx_word' id='word_1_299' title='bbox 1161 4486 1232 4537; x_wconf 81' lang='lat' dir='ltr'>litera</span> <span class='ocrx_word' id='word_1_300' title='bbox 1250 4505 1316 4538; x_wconf 78' lang='lat' dir='ltr'>eras.</span> <span class='ocrx_word' id='word_1_301' title='bbox 1337 4488 1360 4538; x_wconf 81' lang='lat'><em>0</em></span> <span class='ocrx_word' id='word_1_302' title='bbox 1379 4486 1551 4555; x_wconf 81' lang='lat' dir='ltr'>(compendium</span> 
     </span>
     <span class='ocr_line' id='line_1_36' title="bbox 195 4570 1550 4644; baseline -0.002 -16"><span class='ocrx_word' id='word_1_303' title='bbox 195 4591 242 4644; x_wconf 91' lang='lat' dir='ltr'>pro</span> <span class='ocrx_word' id='word_1_304' title='bbox 262 4575 376 4625; x_wconf 81' lang='lat' dir='ltr'>Daebaer</span> <span class='ocrx_word' id='word_1_305' title='bbox 393 4573 465 4640; x_wconf 75' lang='lat' dir='ltr'>vidit)</span> <span class='ocrx_word' id='word_1_306' title='bbox 571 4570 819 4641; x_wconf 86' lang='lat' dir='ltr'>intelligentiarum]</span> <span class='ocrx_word' id='word_1_307' title='bbox 838 4572 1054 4641; x_wconf 85' lang='lat' dir='ltr'>·telligentiarnm</span> <span class='ocrx_word' id='word_1_308' title='bbox 1076 4573 1111 4624; x_wconf 77' lang='lat'>6²</span> <span class='ocrx_word' id='word_1_309' title='bbox 1128 4576 1152 4624; x_wconf 82' lang='lat' dir='ltr'>in</span> <span class='ocrx_word' id='word_1_310' title='bbox 1171 4592 1222 4624; x_wconf 75' lang='lat' dir='ltr'>ras.</span> <span class='ocrx_word' id='word_1_311' title='bbox 1319 4574 1379 4626; x_wconf 88' lang='lat' dir='ltr'>9et</span> <span class='ocrx_word' id='word_1_312' title='bbox 1397 4585 1452 4624; x_wconf 78' lang='lat' dir='ltr'>ante</span> <span class='ocrx_word' id='word_1_313' title='bbox 1471 4589 1550 4641; x_wconf 86' lang='lat' dir='ltr'>aqua·</span> 
     </span>
     <span class='ocr_line' id='line_1_37' title="bbox 196 4657 1553 4728; baseline -0.004 -12"><span class='ocrx_word' id='word_1_314' title='bbox 196 4679 252 4715; x_wconf 84' lang='lat' dir='ltr'>rum</span> <span class='ocrx_word' id='word_1_315' title='bbox 277 4662 336 4712; x_wconf 79' lang='lat' dir='ltr'>add.</span> <span class='ocrx_word' id='word_1_316' title='bbox 354 4659 471 4711; x_wconf 81' lang='lat' dir='ltr'>Duebaer</span> <span class='ocrx_word' id='word_1_317' title='bbox 596 4660 627 4712; x_wconf 75' lang='lat'>12</span> <span class='ocrx_word' id='word_1_318' title='bbox 655 4658 795 4728; x_wconf 80' lang='lat' dir='ltr'>armorum]</span> <span class='ocrx_word' id='word_1_319' title='bbox 819 4657 905 4712; x_wconf 77' lang='grc' dir='ltr'>ὅπλων</span> <span class='ocrx_word' id='word_1_320' title='bbox 927 4670 949 4710; x_wconf 81' lang='lat' dir='ltr'>et</span> <span class='ocrx_word' id='word_1_321' title='bbox 968 4657 1038 4711; x_wconf 81' lang='grc' dir='ltr'>ὀπῶν</span> <span class='ocrx_word' id='word_1_322' title='bbox 1061 4662 1163 4727; x_wconf 73' lang='lat' dir='ltr'>corrsm</span> <span class='ocrx_word' id='word_1_323' title='bbox 1188 4679 1242 4710; x_wconf 81' lang='lat' dir='ltr'>ease</span> <span class='ocrx_word' id='word_1_324' title='bbox 1267 4679 1333 4726; x_wconf 74' lang='lat' dir='ltr'>susp,</span> <span class='ocrx_word' id='word_1_325' title='bbox 1355 4661 1482 4721; x_wconf 68' lang='lat' dir='ltr'>Ducebar,</span> <span class='ocrx_word' id='word_1_326' title='bbox 1507 4660 1553 4710; x_wconf 80' lang='lat' dir='ltr'>sed</span> 
     </span>
     <span class='ocr_line' id='line_1_38' title="bbox 196 4745 1551 4816; baseline -0.002 -14"><span class='ocrx_word' id='word_1_327' title='bbox 196 4747 285 4802; x_wconf 80' lang='grc' dir='ltr'><strong>ἁπλῶν</strong></span> <span class='ocrx_word' id='word_1_328' title='bbox 302 4750 328 4799; x_wconf 84' lang='lat' dir='ltr'>ia</span> <span class='ocrx_word' id='word_1_329' title='bbox 343 4750 441 4814; x_wconf 74' lang='lat' dir='ltr'>graecis</span> <span class='ocrx_word' id='word_1_330' title='bbox 452 4749 538 4814; x_wconf 78' lang='lat' dir='ltr'>saissa</span> <span class='ocrx_word' id='word_1_331' title='bbox 557 4759 682 4798; x_wconf 77' lang='lat' dir='ltr'>contextus</span> <span class='ocrx_word' id='word_1_332' title='bbox 700 4748 752 4816; x_wconf 82' lang='lat' dir='ltr'>ipse</span> <span class='ocrx_word' id='word_1_333' title='bbox 771 4748 839 4798; x_wconf 79' lang='lat' dir='ltr'>docet</span> <span class='ocrx_word' id='word_1_334' title='bbox 938 4745 969 4798; x_wconf 86' lang='grc'>16</span> <span class='ocrx_word' id='word_1_335' title='bbox 989 4746 1120 4799; x_wconf 82' lang='lat' dir='ltr'>adducens</span> <span class='ocrx_word' id='word_1_336' title='bbox 1140 4747 1189 4798; x_wconf 73' lang='lat'>6¹:</span> <span class='ocrx_word' id='word_1_337' title='bbox 1208 4747 1306 4799; x_wconf 79' lang='lat' dir='ltr'>addens</span> <span class='ocrx_word' id='word_1_338' title='bbox 1327 4747 1363 4798; x_wconf 63' lang='grc' dir='ltr'>(Ρ</span> <span class='ocrx_word' id='word_1_339' title='bbox 1460 4746 1494 4800; x_wconf 75' lang='lat'>20</span> <span class='ocrx_word' id='word_1_340' title='bbox 1512 4750 1551 4801; x_wconf 78' lang='lat' dir='ltr'>est</span> 
     </span>
     <span class='ocr_line' id='line_1_39' title="bbox 186 4830 1438 4906; baseline -0.005 -16"><span class='ocrx_word' id='word_1_341' title='bbox 186 4837 299 4906; x_wconf 77' lang='lat' dir='ltr'>,quidem</span> <span class='ocrx_word' id='word_1_342' title='bbox 318 4834 375 4903; x_wconf 75' lang='lat' dir='ltr'>eta]</span> <span class='ocrx_word' id='word_1_343' title='bbox 396 4853 484 4902; x_wconf 70' lang='lat' dir='ltr'>praece</span> <span class='ocrx_word' id='word_1_344' title='bbox 502 4838 566 4902; x_wconf 81' lang='lat' dir='ltr'>sort.</span> <span class='ocrx_word' id='word_1_345' title='bbox 588 4832 639 4886; x_wconf 77' lang='grc' dir='ltr'>ἔστι</span> <span class='ocrx_word' id='word_1_346' title='bbox 662 4834 707 4902; x_wconf 63' lang='grc' dir='ltr'>μὲν</span> <span class='ocrx_word' id='word_1_347' title='bbox 729 4832 770 4887; x_wconf 73' lang='grc' dir='ltr'>ἅτε</span> <span class='ocrx_word' id='word_1_348' title='bbox 792 4833 948 4906; x_wconf 82' lang='grc' dir='ltr'>πλημμυρεῖ,</span> <span class='ocrx_word' id='word_1_349' title='bbox 973 4833 1024 4886; x_wconf 78' lang='grc' dir='ltr'>ἔστι</span> <span class='ocrx_word' id='word_1_350' title='bbox 1048 4831 1072 4885; x_wconf 80' lang='grc' dir='ltr'>δ’</span> <span class='ocrx_word' id='word_1_351' title='bbox 1094 4830 1136 4885; x_wconf 77' lang='grc' dir='ltr'>ὅτε</span> <span class='ocrx_word' id='word_1_352' title='bbox 1159 4833 1275 4902; x_wconf 75' lang='grc' dir='ltr'>ἄμπωτιν</span> <span class='ocrx_word' id='word_1_353' title='bbox 1298 4833 1438 4903; x_wconf 74' lang='grc' dir='ltr'><strong>ἐπιδέχεται</strong></span> 
     </span>
     <span class='ocr_line' id='line_1_40' title="bbox 195 4920 1441 4991; baseline -0.003 -14"><span class='ocrx_word' id='word_1_354' title='bbox 195 4923 227 4977; x_wconf 77' lang='lat'>&#39;27</span> <span class='ocrx_word' id='word_1_355' title='bbox 248 4938 387 4977; x_wconf 84' lang='lat' dir='ltr'>occeanum</span> <span class='ocrx_word' id='word_1_356' title='bbox 410 4921 568 4987; x_wconf 78' lang='lat' dir='ltr'>OGHM(et</span> <span class='ocrx_word' id='word_1_357' title='bbox 587 4920 738 4989; x_wconf 70' lang='lat' dir='ltr'>siculique)</span> <span class='ocrx_word' id='word_1_358' title='bbox 845 4922 879 4976; x_wconf 91' lang='grc'>30</span> <span class='ocrx_word' id='word_1_359' title='bbox 896 4920 1096 4991; x_wconf 74' lang='lat' dir='ltr'>pasidoniuso</span> <span class='ocrx_word' id='word_1_360' title='bbox 1201 4921 1310 4975; x_wconf 83' lang='lat' dir='ltr'>assirius</span> <span class='ocrx_word' id='word_1_361' title='bbox 1330 4920 1441 4973; x_wconf 80' lang='lat' dir='ltr'><em>CGHM</em></span> 
     </span>
    </p>
   </div>
   <div class='ocr_carea' id='block_1_8' title="bbox 0 0 1760 5610">
    <p class='ocr_par' dir='ltr' id='par_1_11' title="bbox 0 0 1760 5610">
     <span class='ocr_line' id='line_1_41' title="bbox 0 0 1760 5610; baseline 0 5"><span class='ocrx_word' id='word_1_362' title='bbox 0 0 1760 5610; x_wconf 95' lang='lat' dir='ltr'> </span> 
     </span>
    </p>
   </div>
  </div>
 </body>
</html>
