3510 5610
194 245 214 309 8
388 242 638 295 ARISTOPHANIS
657 240 842 294 HISTORIAE
861 242 1052 296 solsititium
1074 244 1221 296 seriose
1239 244 1248 295 1
1269 244 1311 296 35.
1325 243 1358 296 36

248 415 338 484 αὐτός
367 414 450 499 γόνον
480 412 628 498 [καθάπερ
653 415 702 478 καί
728 414 751 497 †
773 415 848 500 βίρσι
880 418 922 500 τῷ
950 415 1099 501 σοφιστῇ]ο
1151 416 1177 480 εἰ
1203 417 1257 502 γὰρ
1286 418 1326 500 μὴ
1357 417 1500 482 τίκτουσαι
1513 425 1546 482 22

250 516 549 604 μεταφέρουσιν,,ἔδει
572 517 658 581 κάκεῖ
676 518 805 601 γίνεσθαι
830 518 965 603 μελίσσας
987 519 1082 582 αὐτῶν
1106 521 1147 604 μὴ
1171 524 1404 605 μεταφερουσῶν.
1447 521 1502 584 είσλ

250 623 282 685 δὲ
302 624 330 685 οἱ
353 623 408 705 μὲν
427 627 555 706 κηφῆνες
577 619 717 706 άκεντροι,
739 622 769 684 αἱ
792 622 824 684 δὲ
848 621 980 705 μέλισσαι
1002 622 1117 708 κέντρον
1140 621 1254 709 ἔχουσι·
1287 622 1390 706 ἄλογον
1413 624 1501 687 δὲτὸ

251 725 322 808 πρδς
348 725 400 807 τὴν
427 724 518 807 άλκὴν
545 725 578 786 τὸ
605 723 681 806 θῆλυ
708 721 785 808 ἔχειν
808 723 872 786 ἀλλ’
894 723 928 787 ού
950 726 983 788 τὸ
1006 724 1100 811 ἄρρεν.
1145 726 1229 788 παλιν
1252 726 1285 789 δὲ
1306 725 1360 789 οὐκ
1381 724 1499 809 εὔλογον

223 827 300 896 στὰς
324 827 375 910 μὲν
399 826 535 910 μελίσσας
557 824 678 911 άρρενας
699 825 781 902 είναι,
804 827 870 896 τοὺς
891 829 924 891 δὲ
945 833 1077 913 κηφῆνας
1099 828 1232 912 θηλείας·
1265 826 1348 892 οὐδὲν
1370 829 1424 913 Ιρδρ
1445 834 1530 892 τῶνε

250 929 377 1016 ἀρρένων
400 931 575 992 διαπονεῖται
596 930 661 1013 περὶ
683 928 826 993 τὰτέκνα
848 930 954 1010 οὕτως,
983 932 1013 994 αἱ
1041 932 1074 994 δὲ
1101 930 1234 1016 μέλισσαι
1256 929 1311 994 όσα
1332 932 1362 994 αἱ
1386 932 1501 1016 θήλειαι

253 1035 317 1119 περὶ
339 1033 375 1094 τὰ
396 1029 500 1114 ἔκγονα
514 1034 627 1094 ποιοῦσι
643 1032 820 1116 θεωροῦνται
834 1034 1018 1118 πράττουσαι.
1083 1034 1154 1117 (36)
1176 1033 1262 1117 ὃμὲν
1283 1032 1359 1119 (ocio)
1377 1034 1503 1098 λείπεται

252 1141 346 1220 ζητεῖν
380 1135 451 1219 ὑπὲρ
485 1133 587 1197 τούτου
620 1136 668 1198 καί
700 1134 810 1218 λέγειν,
843 1141 907 1206 πῶς
940 1135 1129 1221 ἐνδεχόμενον
1162 1137 1267 1207 αὐτούς
1301 1137 1369 1201 ἄνευ
1402 1138 1503 1223 ὀχείας

253 1240 301 1304 καί
331 1239 514 1321 συνδυασμοῦ
545 1237 687 1320 γίνεσθαι,
718 1238 850 1323 καθάπερ
880 1240 910 1302 αἱ
939 1239 1090 1322 άσκαρίδες
1120 1240 1171 1323 μὲν
1201 1242 1249 1304 καὶ
1280 1241 1419 1325 κάνθαροι
1452 1245 1499 1307 καὶ
1516 1260 1543 1301 ιο

214 1361 239 1405 10
253 1340 432 1429 μηλολόνθαι
454 1340 487 1404 ἐκ
511 1345 562 1424 τῆς
584 1338 705 1425 κόπρου,
728 1342 755 1404 οἱ
778 1342 810 1404 δὲ
832 1344 971 1412 κώνωπες
993 1342 1027 1406 ἐκ
1048 1348 1100 1427 τῆς
1124 1342 1202 1411 ἰλύος
1223 1346 1274 1407 τού
1297 1342 1393 1420 ὄξους,
1416 1344 1449 1407 ἐκ
1471 1347 1504 1408 δὲ

252 1452 304 1531 τῆς
327 1443 433 1531 δρόσου
449 1448 501 1527 τῆς
523 1443 570 1506 ἐπὶ
586 1443 622 1506 τὰ
637 1443 733 1528 φύλλα
747 1449 800 1529 τῆς
814 1445 948 1530 κράμβης
963 1445 1122 1529 πιπτούσης
1137 1447 1167 1508 αί
1185 1445 1336 1529 λεγόμεναι
1353 1449 1506 1533 κραμβίδες

203 1744 214 1794 1
240 1742 262 1794 εί
285 1740 332 1810 γὰρ
355 1741 390 1809 μή
414 1737 552 1807 τίκτουσαι]
571 1737 652 1790 Arist.
666 1753 752 1806 gener.
766 1739 845 1791 anim.
861 1735 925 1805 [10
947 1754 972 1806 p.
986 1737 1092 1790 759227
1116 1737 1163 1791 ε1τε
1181 1740 1227 1809 γὰρ
1246 1740 1281 1810 μή
1300 1741 1426 1793 τίκτουσαι
1445 1743 1559 1811 φέρουσιν

201 1826 314 1891 ἄλλοθεν,
333 1826 381 1880 ἔδει
399 1824 523 1895 γίγνεσθαι
541 1825 655 1894 μελίσσας
673 1827 717 1878 καί
735 1826 771 1895 μή
791 1832 919 1897 φερουσῶν
936 1833 989 1878 τῶν
1008 1825 1129 1894 μελιττῶν
1148 1827 1177 1878 ἐκ
1189 1832 1234 1879 τοῦ
1247 1827 1326 1880 τόπου
1339 1827 1364 1888 ἐξ
1377 1827 1406 1880 ού
1420 1829 1449 1880 τό
1462 1831 1560 1899 σπέρμα

201 1917 328 1987 φέρουσιν·
352 1913 392 1967 διὰ
410 1915 434 1967 τί
451 1915 497 1984 γὰρ
516 1910 706 1982 μετενεχθέντος
725 1914 770 1982 μὲν
788 1913 865 1977 ἔσται,
883 1915 937 1966 έκεί
953 1912 972 1966 δ’
985 1913 1032 1965 σὐκ
1051 1913 1118 1965 ἔσται
1225 1914 1240 1966 θ
1259 1916 1304 1969 εἰσὶ
1321 1915 1359 1984 δὲ]
1380 1916 1458 1969 Arist·
1472 1933 1560 1985 gener.

201 2006 280 2058 anim.
293 2000 311 2056 Γ
325 2003 356 2055 10
374 2019 399 2070 p.
409 2001 497 2054 759b1
519 1999 582 2053 ἀλλὰ
601 2001 651 2071 μήν
669 2000 725 2054 ούδλ
742 2003 787 2060 τὰς
805 2003 851 2069 μέν
870 2000 984 2069 μελίττας
1001 1999 1103 2071 θηλείας
1122 2001 1190 2067 εἶναι,
1208 2004 1266 2061 τοὺς
1280 2002 1306 2055 δέ
1324 2008 1439 2074 κηφῆνας
1458 2004 1560 2074 ἄρρενας

201 2089 315 2161 εύλοχον·
340 2088 419 2142 ούδενὶ
437 2090 483 2158 γάρ
501 2088 530 2140 τό
549 2088 611 2159 πρὸς
629 2088 710 2159 ἀλκήν
728 2088 804 2142 ὅπλον
821 2094 872 2140 τῶν
890 2086 999 2158 θηλειῶν
1021 2090 1183 2153 (mutandum
1202 2091 1231 2142 in
1248 2087 1359 2160 θηλέων)
1378 2091 1525 2143 ἀποδίδωσιν
1544 2092 1560 2161 ή

201 2179 281 2250 φύσις,
301 2177 346 2230 ιίσλ
364 2175 383 2228 δ’
401 2176 423 2229 ολ
442 2177 487 2244 μὲν
505 2180 616 2247 κηφῆνες
635 2175 748 2246 άκιντροι
767 2176 792 2229 ai
810 2176 836 2229 δὲ
855 2174 967 2244 μέλιτται
984 2182 1060 2229 πᾶσαι
1074 2177 1174 2247 κέντρον
1193 2178 1291 2247 ἔχουσιν
1395 2179 1412 2230 4
1431 2177 1503 2231 πάλιν
1521 2178 1559 2248 δὲ]

203 2268 283 2319 Arist.
297 2282 384 2334 gener.
399 2265 478 2316 anim.
492 2260 512 2316 Γ
525 2263 557 2315 10
575 2279 600 2331 ρ.
614 2262 706 2316 meso
730 2263 786 2316 ούδὲ
808 2262 949 2316 τούναντίον
971 2261 1083 2333 εύλογον,
1105 2265 1149 2323 τὰς
1168 2266 1212 2333 μίν
1230 2263 1345 2334 μελίττας
1368 2265 1482 2336 ἄρρενας,
1504 2268 1561 2326 τοὺς

202 2354 228 2407 δέ
253 2357 368 2423 κηφῆνας
394 2349 498 2421 θήλεας·
526 2350 596 2403 οὐδὲν
620 2352 667 2421 γάρ
691 2358 743 2403 τῶν
768 2351 877 2421 ἀρρένων
902 2349 974 2404 εῖωθε
999 2350 1165 2405 διαπονεῖσθαι
1189 2354 1244 2422 περὶ
1268 2353 1300 2405 τὰ
1324 2354 1412 2418 τέκνα,
1436 2360 1479 2407 νύν
1501 2352 1520 2406 δ’
1536 2354 1561 2407 αλ

202 2440 316 2511 μέλιτται
338 2443 412 2491 τοῦτο
435 2442 544 2491 ποιοῦσιν
697 2438 712 2489 7
736 2438 749 2491 ὃ
771 2440 816 2507 μὲν
839 2438 882 2491 ούν
904 2439 1024 2508 λείπεται]
1047 2441 1126 2492 Arist.
1139 2456 1225 2508 gener.
1239 2437 1395 2493 animilO
1412 2458 1438 2509 p.
1451 2440 1560 2494 759b27

203 2529 312 2582 λείπεται
330 2526 375 2598 δή,
398 2525 511 2596 καθάπερ
531 2526 642 2596 φαίνεται
659 2526 792 2596 συμβαῖνον
811 2527 851 2580 ἐπί
868 2545 942 2579 τινων
961 2524 1070 2597 ἰχθύων,
1092 2527 1137 2585 τὰς
1160 2527 1275 2595 μελίττας
1293 2528 1350 2581 ἄνευ
1369 2527 1453 2598 ὀχείας
1475 2535 1562 2598 γεννᾶν

203 2617 261 2674 τοὺς
278 2619 403 2686 κηφῆνας,
420 2618 458 2684 τῷ
477 2615 521 2683 μὲν
540 2619 624 2683 γεννᾶν
639 2610 713 2673 ούσας
724 2613 833 2685 θηλείας,
852 2614 957 2685 ἐχούσας
974 2614 994 2666 δ’
1010 2616 1035 2667 ἐν
1054 2613 1139 2673 αύταῑς
1158 2613 1241 2685 ὥσπερ
1261 2615 1292 2667 τὰ
1310 2617 1375 2684 φυτά
1394 2617 1436 2668 καὶ
1452 2616 1481 2669 τό
1496 2615 1561 2685 θῆλυ

204 2705 247 2757 καὶ
261 2703 289 2756 τδ
302 2704 374 2773 ἄρρεν
481 2701 496 2753 9
516 2699 629 2771 καθάπερ
647 2701 672 2753 αί
691 2702 831 2773 ἀσκαρίδες]
850 2705 930 2756 Arist.
944 2704 1006 2755 hist.
1019 2703 1097 2755 anim.
1111 2699 1132 2754 Ε
1145 2701 1175 2754 19
1194 2718 1220 2770 p.
1230 2702 1339 2755 551b27
1358 2703 1383 2755 αί
1401 2703 1422 2755 δ’
1433 2704 1562 2773 α’σκαρίδες

204 2795 310 2864 γίνονται
328 2792 354 2844 ἔν
371 2808 399 2842 τε
417 2792 450 2860 τῇ
469 2788 518 2841 ίλύϊ
535 2795 587 2841 τῶν
605 2790 720 2858 φρεάτων
740 2790 783 2840 καλ
796 2787 858 2841 όπου
877 2788 907 2841 ἂν
925 2788 1050 2860 σύρρευσις
1067 2791 1167 2859 γένηται
1184 2787 1273 2849 ύδατος
1291 2790 1372 2861 γεώδη
1391 2790 1483 2861 ἔχουσα
1501 2791 1562 2844 ὀπό-

205 2896 287 2934 στασιν
432 2878 463 2930 10
486 2874 651 2946 μηλολόνθαι]
671 2877 751 2929 Arist
765 2878 825 2929 hist.
839 2877 918 2928 anim.
932 2873 952 2929 E
968 2876 998 2928 19
1020 2894 1045 2945 p.
1058 2876 1165 2929 552216
1189 2877 1215 2929 ai
1233 2877 1258 2930 δὲ
1282 2877 1435 2948 μηλολόνθαι
1458 2879 1487 2931 ἐκ
1510 2885 1562 2931 τῶν

206 2967 349 3036 σκωλήκων
367 2970 418 3017 τῶν
431 2964 456 3016 έν
468 2971 520 3022 τοῖς
538 2963 644 3032 βολίτοις
662 2965 768 3017 καὶτῶν
787 2963 883 3017 ὀνίδων.
910 2964 933 3017 ολ
951 2963 976 3016 δὲ
996 2963 1124 3035 κάνθαροι,
1142 2965 1173 3034 tp
1188 2964 1297 3018 κυλίουσι
1316 2965 1419 3036 κόπρον,
1438 2967 1464 3018 έν
1481 2965 1561 3036 ταύτῃ

206 3053 346 3126 φωλεύουσί
363 3072 390 3105 τε
412 3051 455 3104 τόν
473 3057 585 3120 χειμῶνα
609 3052 651 3104 καί
674 3052 809 3104 ἐντίκτουσι
831 3052 975 3122 σκωλήκια,
999 3051 1023 3113 ἐξ
1047 3052 1083 3104 ῶν
1105 3052 1211 3122 γίνονται
1232 3050 1352 3122 κάνθαροι
1492 3055 1514 3106 oi
1536 3055 1562 3108 δὲ

205 3139 339 3209 κώνωπες]
360 3141 438 3193 Arist.
452 3140 513 3192 hist.
525 3140 605 3191 anim.
618 3136 638 3192 E
651 3139 682 3191 19
704 3156 729 3208 ρ.
743 3139 834 3193 552b4
856 3140 879 3192 οἱ
901 3140 927 3193 δέ
950 3139 1072 3198 κώνωπες
1095 3141 1124 3192 έκ
1144 3139 1286 3209 σκωλήκων
1305 3140 1328 3191 οῖ
1345 3140 1451 3209 γίνονται
1470 3141 1499 3193 ἐκ
1517 3147 1563 3210 τῆς

205 3231 261 3300 περὶ
283 3228 312 3282 τό
336 3226 391 3288 teo<
414 3225 479 3285 ίλύος
621 3226 650 3278 ἐκ
668 3226 695 3279 δέ
712 3231 758 3297 τῆς
776 3226 875 3297 δρόσου]
894 3228 976 3280 Arist.
989 3229 1049 3280 hist.
1062 3230 1141 3280 anim.
1155 3225 1176 3281 E
1189 3227 1219 3279 19
1237 3243 1263 3295 p.
1276 3226 1364 3279 55121
1388 3230 1420 3280 τὰ
1438 3230 1482 3297 μίν
1500 3233 1563 3292 (τῶν

206 3318 318 3387 έντόμων
333 3316 434 3386 γίνεται)
453 3315 482 3366 ἐκ
501 3318 546 3384 τῆς
563 3313 652 3384 δρόσου
669 3319 715 3384 τῆς
733 3316 773 3367 ἐπὶ
791 3322 842 3374 τοῖς
860 3313 961 3384 φύλλοις
979 3314 1115 3385 πιπτούσης
1133 3315 1176 3380 (ci.
1190 3313 1308 3378 551213)
1426 3316 1456 3366 ll
1481 3335 1562 3386 κραμ-

207 3405 282 3477 βίδες]
302 3405 382 3458 Arist.
394 3403 455 3455 hist.
468 3418 511 3453 an.
524 3397 545 3453 E
558 3401 589 3452 19
607 3417 632 3469 ρ.
643 3401 750 3455 551213
769 3403 874 3472 γίνονται
893 3401 912 3454 δ’
928 3403 953 3455 αί
972 3404 1016 3469 μὲν
1035 3401 1186 3471 καλούμεναι
1205 3404 1283 3473 ψυχαί
1302 3402 1331 3454 έκ
1346 3408 1397 3455 τῶν
1415 3411 1525 3472 καμπῶν
1538 3405 1564 3456 αἳ

206 3495 312 3564 γίνονται
322 3526 329 3540 ·
339 3526 346 3540 ·
356 3527 363 3539 .
374 3489 479 3559 μάλιστα
498 3489 538 3542 έπλ
551 3493 597 3558 τῆς
616 3487 725 3560 ῥαφάνου
740 3489 770 3559 ήν
784 3489 888 3543 καλοῦσί
905 3509 967 3548 τινες
986 3489 1102 3560 κράμβην
1120 3491 1175 3543 κτλ.
1204 3491 1304 3543 Aeliam
1317 3494 1371 3542 nat.
1384 3491 1463 3542 anim.
1478 3492 1515 3544 IX
1529 3491 1563 3543 3o

207 3600 232 3652 ρ.
243 3580 342 3647 aemi
354 3579 386 3633 Η.
416 3578 526 3654 τίκτεται
544 3577 587 3629 καὶ
605 3576 631 3628 έν
648 3595 680 3647 τη
700 3576 802 3647 κράμβη
821 3576 964 3647 σκωλήκων
983 3578 1059 3645 γένος,
1078 3578 1121 3629 καὶ
1136 3575 1214 3645 ὄνομα
1232 3577 1303 3647 αύτηῖ
1322 3579 1351 3630 ἐκ
1369 3583 1420 3629 τῶν
1439 3576 1519 3647 ήθῶν,
1538 3579 1563 3630 ἐν

209 3669 245 3729 οῖς
262 3669 391 3721 διαιτᾶται.
422 3663 533 3717 καλεῖται
551 3667 609 3733 γοῦν
628 3663 735 3733 κραμβίς

212 3955 223 4006 1
249 3952 325 4011 αότὰς
343 3950 415 4021 γόνον
433 3966 465 4003 er
483 3947 623 4002 Aristotele
641 3964 666 4015 p.
679 3946 744 4013 7‚18
763 3949 806 4001 cit.
826 3949 931 4016 scripsit
950 3949 1065 4016 Sauppe:
1091 3947 1275 4000 cardamomo
1293 3949 1312 4001 P
1439 3951 1483 4002 καὶ
1501 3968 1565 4021 ιηρσι

208 4044 246 4110 τῷ
269 4043 374 4110 σοφιστῇ
390 4039 425 4091 P:
450 4037 492 4090 καί
510 4034 624 4107 Βρύσωνι
646 4039 684 4105 τῷ
706 4039 811 4106 σοφιστῇ
831 4037 911 4102 Rose‚
935 4037 978 4104 qui
1002 4036 1035 4088 ad
1056 4036 1166 4090 similem
1189 4037 1221 4089 de
1245 4037 1391 4090 vulturibus
1408 4040 1563 4091 sententiam

209 4128 348 4193 Herodori,
372 4125 498 4194 Brysonis
521 4125 654 4192 sophistae
676 4124 771 4192 patris,
795 4125 828 4176 ab
851 4123 991 4177 Aristotele
1013 4124 1073 4175 hist.
1086 4122 1229 4177 animZ5
1247 4141 1272 4192 p.
1285 4124 1375 4177 56326
1399 4131 1563 4178 memoratam

209 4219 317 4284 spectat.
347 4214 477 4281 Sauppius
494 4212 617 4279 Brysonis
635 4225 730 4263 nomen
742 4211 912 4278 improbabile
930 4212 1071 4263 existimat.
1101 4212 1230 4278 positione
1250 4214 1385 4265 verborum
1404 4210 1517 4283 καθάπερ
1531 4243 1564 4251 -

209 4306 247 4373 τῷ
268 4305 372 4372 αοφιστη·Ι
393 4312 483 4369 postea
501 4299 590 4352 addita
608 4315 663 4352 esse
681 4304 796 4367 apparet.
832 4298 1007 4366 Byzantinum
1027 4299 1155 4366 quendam
1175 4299 1323 4353 Aristotelis
1341 4301 1407 4353 malo
1426 4316 1563 4353 memorem

210 4391 261 4442 ista
279 4389 390 4456 margini
406 4387 607 4451 adscribillasse‚
624 4386 693 4439 unde
712 4390 831 4453 corrupta
843 4386 872 4438 in
886 4389 986 4438 textum
1005 4387 1103 4439 inserta
1121 4387 1183 4451 sint,
1202 4388 1327 4454 suspicor.
1358 4388 1495 4440 obscurata
1513 4389 1564 4441 iam

152 4494 158 4511 ι
209 4476 311 4529 invenit
328 4475 449 4528 librarius
467 4475 565 4527 incerto
585 4475 682 4527 calamo
701 4473 811 4526 traditos
830 4458 1052 4540 apices'imitatus
1074 4473 1116 4538 (cf.
1134 4474 1203 4526 Rose
1221 4474 1308 4526 Herm.
1321 4474 1355 4526 vi
1367 4474 1429 4539 494)

210 4562 225 4615 2
250 4561 334 4615 αὐτῶν
353 4562 388 4632 μή
407 4567 597 4633 μεταφερουσῶν
615 4562 721 4629 scripsi:
749 4559 833 4612 αύτῶν
851 4559 868 4630 η
887 4562 1065 4631 μεταφέρουσιν
1083 4561 1116 4613 P:
1144 4560 1228 4614 αὐτῶν
1249 4559 1265 4632 p
1288 4563 1465 4633 μεταφέρουσιν
1483 4563 1563 4615 Rose:

209 4649 294 4703 αύτῶν
311 4650 347 4720 μὴ
366 4655 557 4719 μεταφερουσῶν
575 4646 591 4719 p
611 4649 787 4718 μεταφέρουσιν
803 4647 906 4717 Sauppe
1012 4648 1028 4701 3
1047 4647 1136 4718 ἄλοχον
1155 4650 1235 4702 Rose:
1255 4648 1329 4718 όληον
1346 4650 1366 4701 Ρ
1473 4650 1489 4702 5
1508 4650 1565 4708 τοὺς

210 4737 236 4790 δὲ
255 4738 348 4806 scripsi
367 4738 435 4790 sicut
453 4741 493 4789 est
511 4737 581 4805 apud
598 4736 692 4789 Arist:
715 4735 759 4794 τὰς
777 4734 803 4787 δὲ
821 4736 840 4788 Ρ
959 4736 974 4787 7
998 4736 1087 4806 ἔκγονα
1106 4737 1186 4790 Rose:
1211 4736 1299 4806 ἔγγονα
1316 4736 1336 4788 Ρ
1459 4739 1503 4806 μὲν
1522 4736 1566 4789 ῶν

210 4826 314 4897 scripsi:
339 4825 421 4894 μένΡ
548 4824 574 4875 11
602 4822 706 4893 φύλαΡ
