3510 5610
635 324 845 380 SOLUTIONES
864 327 911 379 AD
930 325 1110 380 cnossonn
1511 328 1553 394 85

127 502 133 513 “
247 499 401 563 uiolenter
423 499 547 584 quidem
572 507 602 563 et
624 507 731 564 contra
745 506 889 564 naturam
904 499 1031 563 humido
1048 500 1210 564 subleuato
1228 522 1351 585 uapore,
1376 507 1499 566 natura-

247 601 319 665 liter
341 608 446 666 autem
468 602 508 665 ad
531 603 686 687 propriam
714 602 871 666 inclinato.
917 603 990 687 quia
1017 623 1089 666 uere
1119 624 1216 686 usque
1242 605 1283 668 ad
1309 606 1497 689 superiorem

248 704 350 767 locum
373 711 404 767 et
424 705 558 788 gelidum
583 727 664 783 aera,
687 726 722 768 eo
746 704 828 788 quod
850 712 976 789 superat
998 706 1145 770 solarium
1168 706 1319 770 radiorum
1344 729 1499 792 repercus-

246 807 366 871 sionem
394 808 534 871 deserens
563 807 635 871 solis
663 807 869 888 caliditatem,
903 809 1067 873 humidum
1101 809 1299 873 subleuatum
1326 809 1358 873 in
1385 831 1498 893 aquam

220 917 389 975 emutatus·
410 915 441 973 et
463 910 539 974 alias
562 911 784 988 concretiones;
813 932 874 974 non
902 921 1031 995 apparet
1054 920 1158 975 autern
1182 913 1295 998 depelli
1318 935 1371 998 per
1392 935 1495 997 super-

248 1013 452 1077 excellentem
485 1013 564 1077 aeris
590 1014 692 1077 locum
723 1013 812 1096 igneo
843 1020 949 1077 meatu
982 1015 1297 1099 appropinquantem
1333 1016 1499 1080 ostendunt

198 1102 204 1115 ’
248 1117 410 1180 manifeste
433 1117 508 1179 haec
530 1116 650 1180 excelsa
675 1115 828 1179 montium
851 1138 944 1200 super
966 1117 1073 1182 nubila
1096 1139 1160 1181 osse
1177 1125 1340 1199 etaemus,
1365 1139 1399 1183 oo
1416 1120 1499 1202 quod

249 1241 413 1283 concursus
435 1219 567 1283 nubium
594 1225 625 1282 ot
652 1226 817 1282 uentorum
844 1219 1029 1303 principium
1058 1241 1094 1283 ex
1122 1221 1236 1284 talibus
1267 1220 1386 1284 ‹luabus
1412 1222 1498 1285 inlla-

249 1322 386 1387 tionibus
416 1323 515 1386 factus
542 1344 604 1385 non
637 1321 726 1404 longe
755 1342 853 1404 usquo
881 1321 919 1384 ad
945 1343 1049 1385 aerem
1077 1322 1214 1386 ducitur:
1249 1323 1330 1387 circa
1363 1324 1498 1407 gelidum

208 1425 416 1490 roterminata
442 1425 547 1489 locum
574 1432 740 1488 mouentur
767 1425 799 1487 in
827 1431 937 1488 uentos
965 1431 995 1488 et
1021 1425 1126 1507 igneos
1155 1447 1320 1490 concursus
1347 1434 1378 1489 et
1400 1448 1499 1510 aquae

250 1528 375 1592 fluentis
398 1535 429 1591 et
450 1528 577 1611 rigentis
599 1527 797 1590 differentias.
841 1527 926 1591 locus
941 1528 1024 1591 enirn
1041 1528 1115 1611 ipse,
1137 1535 1174 1592 ut
1188 1527 1332 1606 diximus
1354 1530 1433 1593 aeris
1453 1536 1500 1593 est

249 1630 392 1714 frigidus,
415 1651 450 1695 oo
474 1630 554 1713 quod
578 1651 640 1693 non
663 1636 709 1693 est
731 1630 922 1713 propinquus
944 1631 1063 1695 meatui
1084 1632 1164 1714 ignis
1186 1653 1287 1715 neque
1309 1654 1328 1695 a
1350 1639 1433 1696 terra
1453 1653 1499 1695 re-

248 1735 398 1818 percussis
419 1733 529 1812 radiis,
558 1733 610 1817 qui
639 1753 733 1816 prope
760 1738 874 1795 terram
901 1733 1066 1816 prohibent
1094 1736 1259 1799 consistere
1283 1735 1380 1799 nubes
1401 1756 1500 1818 segre-

248 1843 356 1919 gantes
378 1836 536 1900 caliditate
559 1856 733 1898 concursus.
777 1833 884 1918 itaque
907 1836 944 1899 de
966 1836 1178 1902 inflationibus
1198 1839 1332 1902 humidis
1347 1839 1379 1901 in
1394 1859 1498 1921 super-

208 1955 236 2000 15
249 1941 327 2004 iores
361 1940 443 2004 locos
477 1946 510 2002 et
543 1937 727 2001 naturaliter
759 1937 871 2000 iterum
909 1937 1165 2005 descendentibus
1201 1947 1270 2025 post
1306 1961 1499 2020 concursum,

250 2043 405 2106 sufficiant
426 2048 524 2105 tanta.
562 2039 675 2104 <lehis
697 2061 771 2103 uero
794 2061 873 2123 quae
902 2062 940 2104 ox
961 2043 1065 2105 fumea
1092 2043 1252 2108 inllatione
1280 2044 1358 2107 fiunt
1381 2049 1412 2105 et
1433 2062 1500 2105 mu-

248 2152 356 2210 tantur
378 2145 411 2208 in
433 2145 537 2229 igneos
560 2163 735 2220 concursus,
759 2148 791 2205 ot
811 2141 888 2205 haec
904 2142 935 2206 in
953 2165 989 2207 ea
1005 2165 1086 2228 quae
1101 2145 1243 2227 deorsum
1259 2153 1332 2209 sunt
1347 2145 1500 2208 uiolenter

249 2248 448 2332 expelluntur
470 2256 501 2311 et
523 2245 619 2330 proici
643 2245 789 2308 uidentur
811 2251 918 2308 eontra
941 2253 1097 2327 naturam,
1121 2248 1335 2312 diffiniendum
1356 2246 1499 2310 breuiter.

250 2351 348 2415 calido
372 2351 455 2414 enim
478 2358 509 2413 et
530 2349 610 2413 sicco
634 2348 815 2412 coeuntibus
841 2347 966 2431 quidem
994 2350 1140 2415 continuo
1167 2349 1420 2414 attendentibus
1442 2348 1498 2412 sub

207 2470 235 2514 ao
250 2453 431 2519 circularem
453 2461 590 2516 meatum
614 2450 1005 2536 comprehendentibusque
1031 2474 1117 2533 aera,
1150 2453 1262 2517 occidit
1288 2473 1384 2537 paruo
1411 2458 1499 2515 motu

250 2565 281 2622 et
302 2556 413 2620 maiori
435 2560 658 2636 consequenter
679 2556 759 2618 lacto
782 2552 889 2616 ardere
904 2574 976 2617 aera
990 2576 1081 2640 saepe
1096 2556 1196 2631 ueluti
1211 2556 1342 2619 fumum.
1386 2554 1412 2617 si
1428 2575 1498 2636 ergo

248 2660 446 2725 latitudinem
462 2657 555 2720 habet
571 2663 601 2719 et
615 2655 840 2737 longitudinem
856 2657 1078 2740 sultlagrantia‚
1094 2666 1223 2743 apparet
1237 2657 1347 2722 ardens
1363 2659 1498 2736 flamma,
1599 2673 1604 2683 ·

248 2765 329 2828 sicut
350 2763 383 2826 in
406 2782 480 2826 aruo
504 2758 639 2824 ardentis
661 2757 804 2841 stipulae.
848 2759 874 2822 si
896 2779 969 2822 uero
991 2761 1162 2824 secundum
1184 2760 1411 2844 longitudinem
1431 2766 1498 2822 tan·

249 2865 409 2931 tummodo
431 2863 483 2943 sit,
507 2869 537 2926 et
560 2861 712 2943 quaedam
735 2859 850 2924 cadunt
872 2882 912 2924 ex·
932 2882 1038 2925 arsura
1060 2862 1126 2946 ipsa
1145 2863 1308 2942 scintillae,
1331 2869 1405 2925 tunc
1420 2863 1499 2926 fiunt
1516 2853 1563 2933 525¹

207 2987 235 3031 aa
249 2990 328 3053 quae
350 2973 502 3032 uocantur
523 2966 605 3028 laces
627 2971 658 3027 et
680 2962 853 3048 lampades,
883 2970 913 3028 et
940 2965 1052 3028 iterum
1080 2985 1160 3048 quae
1188 2965 1333 3029 uidentur
1356 2971 1499 3030 extentae

196 3107 464 3118 ..—.-..--————
471 3104 595 3111 -η

198 3174 229 3227 19
257 3175 366 3226 Aristot.
387 3168 508 3224 341b13:
537 3175 637 3241 πρῶτον
655 3170 700 3236 μὲν
718 3169 764 3239 γὰρ
786 3167 834 3221 ὖπδ
853 3169 899 3238 τὴν
923 3168 1054 3239 ἐγκθκλιον
1073 3172 1151 3242 φοράν
1176 3171 1228 3223 ἐστι
1244 3169 1273 3223 τὸ
1292 3168 1384 3240 θερμὸν
1407 3170 1450 3222 καὶ
1469 3167 1552 3239 ξηράν,

194 3262 209 3314 δ
227 3261 331 3330 λέγομεν
350 3264 399 3330 πἰρ
480 3257 529 3310 ὑπὸ
548 3256 574 3309 δὲ
592 3255 686 3327 ταδτην
704 3257 751 3326 τὴν
769 3255 841 3327 φύσιν
860 3257 916 3326 ἀήρ.
943 3256 1022 3310 δεῖδὲ
1040 3262 1128 3328 νοῆσαι
1146 3258 1197 3311 οίον
1215 3258 1367 3326 ὑπέκκαυμα
1385 3261 1459 3309 τοῦτο
1477 3255 1491 3309 θ
1509 3261 1556 3334 νῦν.

195 3350 297 3417 είπομεν
320 3351 369 3416 πῦρ
393 3343 567 3415 περιτετάσθαι
589 3348 634 3414 τῆς
653 3344 708 3415 περί
730 3344 777 3412 τὴν
800 3349 847 3415 γῆν
866 3344 970 3417 σφαίρας
992 3345 1111 3416 ἔσχατον,
1135 3345 1200 3399 ὥστε
1222 3353 1312 3418 μικρᾶς
1333 3344 1456 3413 κινήσεως
1474 3344 1552 3414 τυχὸν

195 3434 332 3490 ίκκάεσθαι
348 3433 470 3491 πολλάκις
492 3432 576 3503 ὥσπερ
598 3431 641 3484 τὸν
660 3431 754 3483 καπνόν
878 3433 911 3485 22
940 3433 1118 3486 111341υ95ς
1146 3433 1176 3485 ἂν
1199 3435 1245 3500 μὲν
1268 3435 1313 3504 γὰρ
1332 3430 1424 3489 πλάτος
1443 3430 1490 3505 ἔχη
1509 3432 1553 3483 καὶ

195 3529 277 3595 μῆκος
294 3524 324 3575 τὸ
345 3522 508 3589 ὑπέκκαυμα,
531 3518 652 3577 πολλάκις
673 3518 760 3590 δρᾶται
778 3520 899 3588 καιομένη
918 3519 980 3590 φλὸξ
1002 3519 1130 3591 ὥσπερέν
1151 3519 1245 3593 άροδρᾳ
1268 3521 1403 3588 καιομένης
1423 3518 1552 3589 καλάμης·

195 3612 225 3665 δν
245 3612 271 3665 δὲ
289 3612 356 3663 κατὰ
377 3613 459 3679 μῆκος
478 3607 567 3677 μόνον,
585 3607 608 3658 ol
624 3605 775 3674 καλούμενοι
793 3604 863 3657 δειλοὶ
881 3608 924 3659 καὶ
943 3607 1008 3676 αἶγες
1026 3609 1070 3660 καί
1090 3609 1189 3680 ἀστέρες
1311 3607 1345 3659 25
1373 3607 1410 3658 ld.
1431 3606 1553 3659 34111322

195 3701 238 3753 ἐὰν
262 3699 289 3751 δέ
311 3699 343 3751 τὰ
363 3698 434 3766 μήκη
460 3700 506 3766 τῆς
527 3693 716 3762 ἀναθυμιάσεως
740 3694 807 3746 κατὰ
824 3696 902 3766 μικρά
924 3696 1013 3747 τεκαὶ
1035 3694 1154 3764 πολλαχη·
1175 3695 1339 3766 διεσπαρμένα
1361 3690 1377 3764 ᾖ
1397 3694 1440 3745 καί
1459 3693 1553 3762 δμοίως

195 3787 262 3841 κατὰ
274 3785 369 3842 πλάτος
386 3786 429 3837 καὶ
448 3783 533 3854 βάθος,
552 3783 575 3834 ol
587 3781 719 3839 δοκοῦντες
736 3782 835 3852 ἀστέρες
852 3781 957 3853 διᾴττειν
975 3783 1092 3852 γίνονται.
1122 3782 1164 3835 aa
1183 3783 1227 3851 μίν
1246 3781 1289 3835 οὖν
1305 3781 1353 3834 bad
1372 3785 1418 3852 τῆς
1430 3781 1553 3850 κινήσεως

194 3876 211 3946 ἡ
231 3870 395 3940 ἀναθυμίασις
413 3870 564 3938 ἐκκαιομένη
584 3865 656 3941 γεννᾴ
674 3869 750 3921 αὑτά·
777 3868 819 3921 te
836 3868 863 3921 δέ
881 3868 929 3921 ὑπὸ
947 3874 992 3921 τοῦ
1011 3869 1050 3922 διὰ
1068 3871 1115 3940 τὴν
1134 3869 1206 3939 ψῦξιν
1229 3871 1404 3938 συνισταμένου
1423 3869 1493 3941 ἀέρος
1511 3870 1552 3921 ἐκ·

196 3961 314 4036 κρούεται
332 3960 376 4012 καλ
394 3958 537 4028 ἐκθλίβεται
554 3956 583 4010 τὸ
602 3956 708 4029 θερμόν·
734 3956 771 4009 διδ
789 3957 832 4008 καὶ
850 3956 930 4009 ἔοικεν
948 3957 965 4026 ἡ
983 3958 1049 4030 φορὰ
1067 3957 1132 4028 ῥίψει
1150 3956 1244 4025 μᾶλλον
1263 3955 1347 4009 αὐτῶν
1366 3954 1423 4008 ἀλλ’
1445 3956 1492 4008 οίικ
1511 3957 1553 4008 ἐκ·

195 4049 289 4102 καθσει.
326 4048 458 4119 ἀπορήσειε
476 4047 522 4118 γὰρ
540 4045 571 4097 ἄν
588 4063 626 4102 τις
644 4044 749 4114 πότερον
773 4043 857 4116 ὥσπερ
876 4045 892 4114 ἡ
911 4043 959 4097 ὑπὸ
980 4045 1040 4103 τοὺς
1056 4044 1162 4114 λθχνους
1184 4042 1302 4113 τιθεμένη
1324 4043 1486 4114 ἀναθυμίασις
1504 4043 1553 4096 ἀπὸ

195 4144 241 4210 τῖγς
259 4125 357 4190 άνωθεν
375 4134 468 4206 φλογὸς
485 4132 557 4186 ἅπτει
574 4132 616 4184 τὸν
635 4131 752 4185 κάτωθεν
771 4130 863 4201 λψχνον
882 4130 1026 4201 (θαυμαστὴ
1046 4133 1092 4204 γὰρ
1111 4133 1154 4184 καὶ
1172 4131 1262 4184 τοὺτου
1281 4132 1422 4201 ἠταγυτίγς
1441 4133 1491 4184 ἐστι
1510 4132 1553 4184 καί

196 4225 271 4293 δμοία
289 4225 368 4295 ῥίψει,
393 4222 449 4275 ἀλλ’
471 4220 518 4274 οίικ
537 4219 573 4277 cb<
591 4219 668 4272 ἄλλου
691 4220 734 4271 καὶ
753 4218 830 4271 άλλου
848 4219 992 4288 γιγνομένου
1011 4220 1111 4291 πυρός),
1135 4218 1151 4289 ἢ
1172 4218 1250 4290 ῥίψεις
1273 4223 1318 4270 τοῦ
1341 4219 1418 4271 αὑτοῦ
1437 4218 1553 4287 σώματός

196 4315 256 4366 είσιν
275 4314 300 4365 αἱ
318 4310 456 4383 διαδρομαί.
494 4308 559 4360 ἔοικε
578 4307 603 4359 δὲ
622 4307 652 4376 δὴ
672 4306 704 4359 δι’
726 4307 817 4378 ἄμφω·
836 4308 943 4378 καὶγὰρ
962 4304 1043 4364 οὕτως
1061 4304 1096 4364 ὡς
1113 4306 1129 4375 ἡ
1149 4306 1198 4358 άπὸ
1216 4310 1260 4357 τοῦ
1279 4304 1373 4379 λύχνου
1390 4305 1489 4377 γίνεται,
1508 4306 1552 4357 καὶ

196 4402 249 4454 trra
267 4400 306 4453 διὰ
323 4399 352 4453 τὸ
371 4395 531 4467 ἐκθλίβεσθαι
550 4395 678 4468 ῥιπτεῖται,
696 4394 780 4465 ὥσπερ
799 4395 823 4446 οἱ
842 4395 871 4447 ἐκ
889 4400 942 4446 τῶν
960 4392 1093 4446 δακτύλων
1111 4398 1218 4464 πυρῆνος

181 4574 213 4628 “3
240 4589 300 4626 aera
320 4570 384 4624 CM:
403 4586 461 4623 aere
481 4568 509 4619 H
624 4569 640 4621 9
668 4569 700 4621 ad
719 4587 763 4619 om.
783 4567 814 4618 H
924 4566 954 4620 12
982 4567 1101 4636 eoquod
1121 4566 1186 4618 cM:
1206 4565 1339 4634 eoqueH
1448 4566 1478 4618 13
1506 4567 1551 4635 qui

195 4677 277 4732 prope
295 4664 387 4712 terram
407 4656 462 4725 etc]
479 4674 567 4723 praece
580 4658 644 4723 sort.
657 4658 710 4723 suit
729 4656 753 4708 ol
764 4655 834 4726 ἐγγὺς
846 4658 892 4724 τῆς
910 4659 955 4724 γῆς
974 4652 1101 4705 soh-'ocum
1120 4652 1277 4704 συνίστασθαι
1295 4654 1368 4723 νέφη,
1386 4652 1552 4725 διακρίνοντες

195 4747 382 4820 τῇθερμθτητι
399 4745 445 4801 τὰς
463 4743 600 4815 συνδρομαῖς
729 4744 760 4795 14
788 4743 920 4795 caliditate
938 4742 977 4792 II:
997 4741 1079 4793 calide
1098 4739 1153 4792 CM
1279 4738 1309 4791 16
1336 4739 1469 4793 sufficiant
1490 4739 1551 4793 CH:

196 4836 332 4890 sufficiunt
354 4833 384 4883 Μ
492 4831 526 4883 20
545 4831 874 4899 comprehendentibusque
895 4830 957 4880 OM:
978 4828 1254 4897 comprehendentibus
1273 4826 1305 4875 II
1414 4828 1446 4879 22
1466 4827 1553 4881 suffla·

195 4924 305 4995 grando
322 4920 361 4971 H:
381 4919 534 4988 suffraganti
555 4918 609 4970 CM
712 4916 746 4969 23
765 4916 884 4969 ardentes
904 4915 982 4968 GHM
1089 4914 1122 4966 24
1142 4915 1243 4981 arsura]
1260 4933 1284 4966 κ.
1303 4914 1338 4964 σά
1350 4914 1473 4986 ρ.77.29

1691 4936 1699 4985 ι’

1695 4994 1699 5011 l
