3510 5610
194 272 215 335 8
740 273 911 327 PRISGIANI
929 272 1009 327 LYDI

249 467 334 526 μενον
356 449 514 509 τελειοῦται
536 447 584 509 καί
606 447 709 531 δρατδν
732 447 923 510 ἀποτελεῖται.
1031 444 1077 510 Τί
1096 444 1156 510 οῦν
1178 448 1197 530 ἡ
1220 446 1322 531 φύσις
1342 450 1403 509 τοῦ
1427 448 1549 519 icc-17

249 552 396 631 φανοῦς;
419 547 457 610 οἰν
480 547 542 632 γάρ
564 549 668 633 ἀρκεῖ
688 550 725 612 τὸ
747 551 857 633 φάναι
878 549 1090 634 ἐνυπάρχειν
1105 548 1191 612 αἰντδ
1213 548 1293 632 ἀέρι
1314 548 1372 612 καὶ
1395 548 1498 613 ὕδατι

248 650 307 712 καί
328 649 449 734 αἰθέρι
471 652 527 714 καί
551 648 585 714 ἔν
608 672 679 715 τισι
701 654 870 735 στερεοῖς.
914 653 1050 735 ἀνάγκη
1073 654 1134 735 δή,
1164 651 1262 736 φησίν,
1284 650 1362 735 ἤτοι
1385 653 1500 723 πάθος

249 751 268 834 η
292 753 451 817 διάθεσιν
474 751 577 816 εἰναι·
600 754 777 838 σῶμαγάρ
801 753 866 838 οὐχ
888 753 1016 817 οἷόντε
1037 754 1237 836 ἐνσώματι.
1274 755 1306 816 εἰ
1329 754 1366 817 δὲ
1388 754 1501 824 πάθος

221 855 267 937 bip
290 855 467 931 διάθεσις,
490 856 557 919 ὑπὸ
577 857 687 931 τίνος,
710 857 918 939 ζητήσομεν.
953 857 972 939 ἢ
995 857 1057 942 γάρ
1080 855 1133 941 ὑφ’
1155 857 1233 925 ἑνὸς
1255 857 1274 939 ἢ
1295 857 1358 919 ὑπὸ
1381 854 1500 918 πλειό-

248 980 314 1020 νων
337 962 402 1020 τῶν
426 958 555 1021 ἁπλῶν.
594 957 665 1022 ἀλλ’
693 958 759 1043 οὐχ
781 957 855 1021 οἷόν
877 980 922 1021 τε.
960 958 1049 1022 αἰιτά
1070 959 1135 1043 γάρ
1157 960 1197 1021 τά
1219 960 1327 1034 ἁπλᾶ,
1351 960 1368 1023 i
1382 982 1418 1021 τε
1431 959 1498 1043 ἀὴρ

249 1062 306 1123 καί
328 1062 365 1124 τὸ
388 1061 493 1145 ῦδωρ,
516 1062 679 1146 διαφανῆ.
724 1061 754 1124 εἰ
777 1061 814 1123 δὲ
836 1060 924 1124 κατὰ
945 1061 982 1123 τδ
1005 1065 1086 1145 πῦρ,
1109 1062 1166 1124 καὶ
1188 1062 1207 1144 ἡ
1227 1066 1283 1145 γῆ,
1308 1064 1439 1141 μᾶλλον
1462 1062 1500 1124 δὲ

248 1164 308 1226 καὶ
330 1164 371 1227 τά
393 1164 547 1228 σύνθετα
569 1165 683 1227 πάντα
704 1166 865 1246 σώματα,
894 1162 997 1247 εἰπερ
1020 1165 1130 1226 πάντα
1152 1162 1368 1247 κέχρωσται,
1398 1165 1438 1227 τδ
1460 1165 1500 1227 δὲ

250 1271 377 1351 χρῶμα
400 1267 509 1351 πέρας
537 1271 595 1329 τοῦ
620 1267 820 1350 διαφανοῦς.
864 1266 940 1347 λέγω
963 1267 999 1350 δὴ
1022 1264 1056 1328 οδ
1079 1266 1173 1333 πάθος
1200 1265 1269 1328 οὐδὲ
1290 1266 1419 1330 διάθεσιν
1442 1266 1500 1330 ὑπό

212 1384 238 1427 10
252 1391 325 1437 τινος
348 1368 530 1452 ἐγγινομένην
546 1368 619 1432 εἰναι
640 1369 673 1432 τδ
695 1370 832 1452 διαφανὲς
854 1367 916 1432 ἀλλ’
937 1368 1012 1437 εἶδος
1034 1368 1174 1451 ὑπάρχειν
1197 1369 1424 1452 συναρμοστικδν
1441 1374 1500 1432 τῶν

251 1472 281 1535 έν
304 1471 412 1555 γενέσει
435 1473 580 1554 σωμάτων
596 1471 667 1555 πρὸς
688 1471 740 1554 τὴν
763 1475 812 1533 τοῦ
835 1471 932 1555 φωτδς
954 1469 1119 1553 τελειότητα
1140 1470 1187 1532 καὶ
1209 1469 1429 1554 ἐπιτηδειότητα
1450 1471 1500 1534 αδ-

249 1577 310 1644 τοῖς
332 1573 403 1657 πρός
425 1596 457 1636 τε
479 1574 530 1656 τὴν
553 1578 604 1636 τοῦ
627 1574 725 1657 φωτὸς
746 1574 795 1636 καὶ
818 1574 889 1656 πρδς
910 1575 962 1656 τὴν
985 1576 1036 1635 τοῦ
1059 1571 1178 1641 σκότους
1201 1572 1350 1658 ὑποδοχὴν
1373 1576 1500 1660 παρεχό-

250 1700 345 1760 μενον,
378 1677 398 1760 ἢ
422 1675 572 1744 οὐσιῶδως
594 1675 719 1759 θατέρου
742 1675 912 1761 μετέχουσιν
934 1676 954 1759 ἢ
978 1676 1055 1758 παρά
1078 1673 1165 1758 μέρος
1187 1676 1360 1761 ἀμφοτέρων
1383 1679 1401 1760 ᾖ
1424 1680 1500 1741 κατά

249 1803 310 1843 τινα
334 1778 417 1862 μῖξιν.
461 1779 494 1841 τὸ
519 1779 569 1862 μὲν
591 1779 645 1862 γάρ
667 1779 697 1841 ἐν
718 1781 787 1864 πυρί
810 1779 945 1863 διαφανὲς
967 1777 1107 1846 οὐσιῶδες
1128 1774 1192 1863 ἔχει
1207 1785 1279 1862 φῶς,
1303 1780 1335 1842 τὸ
1354 1781 1391 1843 ,δὲ
1414 1781 1444 1843 ἐν
1458 1786 1498 1865 γη”

210 1897 236 1942 15
250 1881 391 1950 οὐσιῶδες
414 1880 526 1949 σκότος.
569 1881 613 1965 διδ
637 1884 678 1949 ὡς
699 1883 866 1966 φωτουργδν
888 1882 921 1944 τδ
945 1885 1011 1963 πῦρ,
1041 1881 1118 1942 οῦτω
1141 1882 1310 1944 σκοτοποιδν
1332 1884 1351 1965 ἡ
1374 1888 1429 1965 γῆ·
1463 1884 1498 1947 οἰν

248 1986 302 2069 γάρ
325 1984 458 2069 στέρησις
479 1984 577 2067 φωτδς
602 1983 634 2046 τδ
658 1982 760 2052 σκότος
780 1981 845 2046 ἀλλ’
873 1983 1001 2067 ἐνέργεια
1023 1985 1071 2046 καί
1092 1981 1174 2047 αὐτό.
1217 1984 1293 2046 ἀλλά
1316 1972 1429 2068 μήποτε
1450 2010 1500 2049 κα·

249 2092 309 2156 κῶς
323 2087 356 2149 τὸ
372 2085 508 2170 διαφανὲς
522 2085 665 2168 τιθέμεθα
682 2085 754 2149 εἶναι
776 2087 825 2149 καί
840 2086 870 2148 ἐν
885 2090 936 2168 γη,
957 2084 1030 2168 εἴγε
1045 2087 1142 2170 φωτδς
1157 2086 1284 2150 δεκτικὸν
1305 2088 1337 2149 τὸ
1353 2088 1498 2172 διαφανές.

250 2190 269 2272 ἢ
293 2188 326 2252 οἰν
350 2193 456 2259 κακῶς.
494 2188 596 2271 οὐγὰρ
617 2189 714 2270 φωτδς
738 2187 826 2271 μόνου
850 2188 925 2252 ἀλλά
947 2190 995 2251 καί
1018 2187 1140 2258 σκότους
1162 2190 1290 2252 δεκτικὸν
1314 2192 1354 2258 ῶς
1376 2188 1499 2272 εἴρηται.

250 2290 349 2354 ἔπειτα
372 2293 404 2354 δὲ
426 2292 474 2354 καὶ
499 2293 518 2374 ἡ
541 2295 578 2373 γῆ
601 2290 778 2375 κέχρωσται,
802 2290 806 2377 ἰ
830 2292 862 2354 τδ
892 2292 924 2354 δὲ
946 2296 1054 2376 χρῶμα
1076 2290 1164 2376 πέρας
1194 2296 1244 2354 τοῦ
1267 2291 1297 2353 ἐν
1328 2290 1554 2375 ῶρισμένοιςεπ

208 2411 236 2455 ευ
250 2398 366 2479 σώμασι
389 2397 557 2479 διαφανοῦς·
586 2394 663 2456 ῶστε
684 2394 733 2455 καί
755 2396 785 2459 ἐν
806 2402 845 2478 γῇ
868 2397 900 2458 τὸ
923 2394 1058 2478 διαφανὲς
1080 2393 1114 2457 οὐ
1138 2393 1224 2477 μόνον
1248 2398 1288 2464 ῶς
1311 2393 1431 2463 σκότους
1453 2395 1500 2458 οὐ·

250 2500 364 2568 σιῶδως
387 2497 416 2560 ἐν
438 2497 514 2579 αὐτῇ
538 2496 677 2571 δεκτικόν,
703 2498 777 2561 ἀλλά
792 2498 893 2562 τούτου
917 2498 969 2579 μὲν
985 2497 1057 2559 κατὰ
1079 2497 1111 2559 τδ
1126 2498 1226 2582 βάθος,
1250 2499 1323 2561 κατὰ
1346 2499 1378 2561 δὲ
1399 2499 1435 2561 τά
1450 2498 1500 2562 πέ·

250 2625 322 2686 ρατα
344 2602 391 2664 καὶ
414 2601 521 2685 φωτός,
544 2600 570 2662 εἰ
585 2601 672 2684 φῶτά
692 2623 754 2661 τινα
775 2601 812 2663 τὰ
833 2603 986 2685 χρώματα,
1010 2601 1058 2662 καὶ
1080 2598 1154 2681 εἴγε
1175 2601 1331 2683 φωτίζεται
1352 2603 1400 2664 καί
1423 2626 1441 2685 η
1460 2608 1499 2686 γη

250 2704 324 2768 κατά
345 2704 397 2787 τὴν
413 2704 590 2787 ἐπιφάνειαν.
627 2703 661 2764 τὸ
684 2703 716 2764 δὲ
739 2703 768 2765 ὲν
791 2703 855 2786 ἀέρι
876 2704 923 2766 καὶ
941 2703 1021 2766 ῦδατι
1043 2703 1121 2786 παρὰ
1137 2702 1224 2787 μέρος
1245 2704 1354 2787 ἀμφοῖν
1370 2703 1500 2767 δεκτικόν

249 2844 291 2852 -
315 2807 331 2869 ὃ
359 2807 406 2870 καὶ
430 2806 593 2887 ἰδικώτερον
622 2807 758 2890 διαφανὲς
785 2805 1004 2889 προσαγορεύειν
1034 2806 1180 2889 εἰώθαμεν
1210 2842 1251 2851 -
1278 2808 1311 2869 τὸ
1333 2807 1418 2869 δὲέν
1440 2812 1502 2877 τοῖς

209 2928 236 2972 ’ὶυ
250 2911 396 2979 συνθέτοις
425 2907 498 2971 κατά
527 2906 668 2990 σῦμμιξιν.
715 2907 749 2971 οὐ
778 2911 941 2993 ζητήσομεν
972 2906 1021 2970 οὖν
1049 2908 1105 2970 ὑπὸ
1139 2908 1213 2976 τίνος
1245 2913 1302 2969 τῶν
1335 2909 1436 2972 ἁπλῶν
1466 2912 1499 2973 τδ

250 3010 401 3098 διαφανές·
437 3010 471 3073 οδ
501 3009 556 3094 γάρ
583 3010 639 3072 ὑπὸ
673 3014 730 3072 τῶν
758 3012 909 3096 στοιχείων
940 3035 959 3093 η
992 3015 1050 3074 τῶν
1078 3011 1222 3093 σωμάτων
1255 3009 1331 3079 ὅλως
1362 3011 1397 3074 τὰ
1424 3009 1499 3095 εἴδη,

248 3116 323 3179 αδτά
344 3114 377 3177 δὲ
400 3113 516 3197 μετέχει
538 3118 595 3175 τῶν
618 3112 703 3175 εἰδῶν
725 3114 774 3175 καί
800 3114 1042 3198 χαρακτηρίζεται
1063 3110 1126 3175 κατ’
1153 3111 1240 3174 αὐτά·
1274 3114 1322 3175 καὶ
1344 3113 1391 3176 διὰ
1414 3119 1499 3177 τοῦτο

249 3220 285 3282 τὰ
308 3219 359 3301 μὲν
382 3217 549 3300 προσδεῖται
570 3215 667 3299 φωτὸς
689 3216 730 3284 εἰς
745 3216 777 3277 τδ
794 3217 936 3299 ὁραθῆναι
959 3216 995 3279 τά
1009 3217 1042 3278 δὲ
1061 3213 1104 3295 οῦ,
1129 3219 1170 3283 ῶς
1184 3219 1240 3298 πῦρ
1256 3218 1304 3278 καί
1319 3217 1354 3278 τὰ
1370 3218 1499 3300 λαμπρά,

249 3318 437 3406 ᾖοίισιώδως
453 3317 570 3403 μετέχει
585 3321 636 3380 τοῦ
652 3323 793 3402 φωτεινοῦ
810 3316 905 3386 εἴδους
920 3317 1093 3401 ἀρκοῦντως,
1117 3316 1150 3379 οὐ
1167 3320 1341 3402 προσδεῖται.
1429 3317 1498 3383 Καὶ
1519 3338 1548 3393 18

209 3428 320 3493 υοπῶς
342 3422 501 3507 ἐνέργεια
522 3425 585 3483 τοῦ
608 3422 802 3505 διαφανοῦς
825 3421 862 3482 τδ
885 3426 959 3504 φῶς
980 3419 996 3482 δ
1020 3421 1075 3482 διὰ
1097 3420 1312 3503 φωτίζοντος
1336 3424 1499 3505 παρατεί·

196 3666 212 3718 ‘2
231 3664 318 3735 φάναι]
337 3664 447 3717 Aristot.
464 3662 556 3716 418bs
650 3661 667 3712 4
686 3661 771 3728 σῶμα]
791 3659 823 3711 cf.
842 3659 950 3711 Aristot.
969 3658 1079 3711 418b15
1173 3661 1189 3712 9
1208 3660 1239 3713 οἰ.
1261 3661 1367 3712 Aristot.
1387 3662 1494 3714 439b11

199 3754 230 3806 16
249 3751 368 3823 ἐνέργεια]
387 3751 421 3803 ci.
440 3750 557 3819 Simplic.
575 3749 592 3801 ἰ.
606 3764 628 3801 c.
649 3746 745 3812 l33‚11
852 3746 886 3799 '28
904 3750 952 3817 πῦρ
971 3746 1015 3798 καί
1032 3747 1065 3798 τά
1082 3745 1196 3816 λαμπρά]
1216 3747 1247 3800 cf.
1267 3748 1376 3799 Aristot.
1395 3748 1487 3803 41923

196 3841 230 3895 30
248 3840 280 3892 ci.
298 3839 407 3892 Aristot.
424 3835 515 3889 418129

196 4063 212 4115 2
240 4062 408 4132 ένυπάρχειί)
531 4059 547 4112 3
575 4059 606 4128 δη
625 4061 732 4127 scripsi:
750 4059 776 4111 δί
794 4059 864 4127 vulg.
982 4062 998 4112 4
1026 4058 1134 4113 διάθεσιν
1153 4062 1212 4112 Hw:
1232 4060 1339 4120 διάθεσις
1357 4062 1377 4114 L
1397 4067 1445 4115 cci.

197 4149 212 4201 7
231 4150 252 4201 εἰ
270 4148 296 4202 δὲ
315 4150 381 4201 κατὰ
399 4149 504 4217 scripsi:
524 4147 581 4218 ἡδὲ
600 4148 667 4200 κατά
685 4147 759 4199 codd.
778 4148 808 4200 b:
827 4148 892 4200 κατά
911 4147 936 4200 δὲ
956 4164 977 4198 w
1084 4148 1101 4200 8
1120 4147 1199 4220 εἴπερ]
1217 4149 1281 4221 ἤπερ
1299 4150 1358 4202 MP:
1378 4146 1441 4223 ᾗπερ
1459 4166 1482 4202 w

199 4238 232 4289 10
250 4237 355 4309 ὑπάρχει
374 4239 391 4290 1)
500 4238 539 4290 ll.
563 4235 592 4287 12
611 4233 885 4305 τελειότητα-φωτὸς
904 4251 953 4287 om.
973 4240 1037 4287 tcxt.
1056 4238 1072 4289 b
1184 4236 1213 4288 12
1232 4236 1293 4308 πρός
1311 4237 1349 4306 τε]
1369 4238 1429 4310 πρὸς
1448 4240 1488 4291 bw

199 4324 231 4377 13
249 4322 377 4382 οδτιωδῶς
396 4324 469 4376 codd.
488 4325 504 4376 b
524 4322 561 4390 (et
578 4325 617 4375 sic
635 4322 743 4390 passim)
839 4323 917 4392 παρὰ]
935 4324 990 4391 περὶ
1009 4323 1041 4374 1,1
1137 4324 1167 4375 15
1186 4323 1227 4392 οδ]
1246 4324 1262 4393 ἡ
1282 4340 1302 4374 ιι
1401 4326 1431 4376 17
1450 4325 1499 4394 εἴγε

198 4412 242 4463 Hw
262 4411 381 4475 (Ficinus
401 4414 426 4461 εἰ
442 4412 535 4477 ηιοιίο)ι
555 4408 603 4462 είτι
622 4410 641 4461 L
661 4414 709 4462 σοὶ.
836 4409 867 4461 18
895 4408 971 4478 μόνον
991 4411 1048 4461 ww
1175 4410 1204 4461 21
1235 4409 1325 4462 τοῦτου
1343 4427 1364 4462 w
1384 4412 1421 4477 (ei
1439 4412 1498 4463 fort.

198 4499 328 4566 Ficinus):
347 4501 422 4551 τοῦτο
442 4499 462 4551 L
481 4503 529 4551 οοί.
619 4497 653 4549 ’Ζθ
672 4497 693 4549 εἰ
711 4498 752 4549 Hb
771 4496 890 4562 (Fieinus
908 4500 931 4547 si
948 4499 1040 4564 νιοιίο);
1060 4499 1094 4556 εἰς
1112 4498 1131 4549 L
1151 4503 1213 4549 cei:
1232 4498 1275 4549 καί
1294 4515 1315 4549 w
1398 4498 1432 4550 25
1451 4498 1499 4551 δπδ

196 4586 262 4643 τίνος
280 4603 331 4655 mg.
343 4587 389 4638 Ην
408 4587 526 4653 (Ficinus
545 4604 561 4635 a
580 4584 704 4654 quonam:
724 4583 772 4636 ὑπό
790 4601 855 4642 τινος
874 4583 894 4635 L
914 4589 962 4637 cet.
1070 4585 1102 4636 2ss
1122 4584 1170 4637 imi
1189 4586 1294 4652 scripsi:
1315 4585 1362 4638 ἀπὸ
1381 4587 1450 4654 vulg.

197 4672 229 4724 ⁶27
247 4678 323 4725 τοῦτο
343 4676 428 4726 iinon.
447 4690 468 4723 w
488 4674 523 4739 (ct
541 4672 600 4725 sort.
619 4671 749 4737 Ficinus):
768 4671 797 4722 τὸ
816 4671 836 4722 L
856 4676 903 4724 cet.
993 4671 1026 4723 ‘29
1045 4668 1061 4747 i,
1081 4673 1173 4738 scripsi
1194 4689 1251 4724 ιιιιιι
1272 4676 1357 4726 Αυοο.
1377 4674 1498 4741 (Ficinus

197 4762 285 4829 quippe
304 4762 378 4826 ιαιιι);
398 4760 414 4829 ἢ
433 4760 507 4813 codd.
526 4762 555 4813 b:
576 4760 591 4811 δί
610 4775 631 4810 w
738 4763 848 4827 φωτινοῦ
867 4757 953 4820 Lwa
1059 4760 1194 4831 ἀρκοῦντος
1214 4760 1245 4811 L¹
1352 4762 1386 4813 30
1404 4761 1498 4830 διαφω-

196 4849 262 4908 τίζον
282 4848 408 4909 BHLM'Q
515 4847 674 4918 παρατίνεται
693 4846 723 4897 L¹
