3510 5610
584 285 827 342 METAPHRASIS
845 287 881 341 IN
899 286 1176 342 THEOPHRASTUM
1540 288 1558 351 7

259 460 293 523 τδ
315 460 473 544 ὁρώμενον.
510 461 574 523 ἐπεὶ
595 459 628 524 εί
637 483 669 543 γε
690 459 762 523 αἰιτδ
777 461 810 523 τδ
826 461 929 543 ύρατδν
945 461 1037 529 ούτως
1058 458 1122 546 ἔχει
1136 459 1337 544 λαμπρότητος
1353 465 1393 530 ὡς
1408 461 1505 523 ἱκανὸν

258 559 330 625 αἰιτδ
352 560 425 625 εἰναι
445 565 571 626 τελειοῦν
594 564 646 646 τὴν
669 561 744 647 ὄψιν,
766 563 899 647 καθάπερ
921 563 955 626 τδ
978 568 1033 646 πῦρ
1056 564 1104 625 καί
1125 563 1155 625 ἐν
1176 564 1273 626 σκότει
1294 565 1342 626 καὶ
1365 563 1420 627 όσα
1435 566 1505 645 λαμ·

259 663 318 748 πρά
340 666 465 748 ὁρῶμεν,
498 664 594 729 οὐκέτι
615 665 647 728 τδ
672 665 759 747 μέσον
790 667 831 733 ὥς
856 668 981 727 τελειοῦν
1008 664 1073 727 ἀλλ’
1102 668 1143 734 ὡς
1169 665 1259 749 μόνην
1281 666 1333 748 τὴν
1359 666 1505 729 διάστασιν

257 766 420 851 σύμμετρον
448 765 647 852 παρεχόμενόν
674 767 735 831 ἐστι
762 769 920 851 χρήσιμον·
957 771 1016 836 τοῖς
1043 767 1097 851 γὰρ
1124 768 1287 851 ὀφθαλμοῖς
1314 768 1445 830 ἐπιτεθέν
1471 768 1504 829 τδ

229 870 389 953 ολαμπρδν
412 869 469 955 οὐχ
492 872 592 953 ὁρᾶται
615 868 662 932 διὰ
683 869 716 930 τδ
744 869 940 952 ἀσύμμετρον·
975 867 1040 931 ἀλλ’
1069 868 1137 932 οὐδὲ
1158 869 1194 932 τόι
1221 870 1251 932 ἐν
1273 871 1347 952 φωτὶ
1370 870 1504 952 δρώμενα

256 972 401 1055 χρώματα
417 971 585 1035 ἐπιτεθέντα
600 976 660 1040 τοῖς
676 971 839 1055 ὀφθαλμοῖς
854 971 954 1055 δρᾶται
970 972 1017 1034 διὰ
1032 972 1064 1034 τδ
1081 973 1121 1054 μὴ
1138 972 1325 1055 φωτίζεσθαι.
1406 972 1503 1054 Πολλὴ
1525 990 1552 1045 15

257 1070 307 1135 οὖν
330 1074 478 1159 συμβαίνει
500 1074 548 1137 ἐπί
569 1079 621 1158 τῆς
637 1072 733 1158 ὄψεως
755 1074 774 1154 ἡ
797 1073 930 1135 ποικιλία.
976 1076 1022 1136 καὶ
1045 1073 1098 1158 γὰρ
1114 1074 1197 1143 ἐντδς
1212 1077 1294 1137 δοκεῖ
1313 1078 1442 1157 προϊέναι
1458 1076 1504 1138 διὰ

255 1174 290 1237 τδ
311 1177 377 1259 περὶ
398 1177 431 1239 τδ
453 1176 594 1258 αἰσθητὸν
616 1176 739 1260 ἐνεργεῖν
756 1171 812 1241 ἔξω
827 1175 965 1256 κείμενον,
988 1177 1036 1238 καὶ
1051 1176 1239 1260 εἰσδέχεσθαί
1250 1200 1276 1238 τι
1298 1177 1356 1239 άπδ
1372 1180 1423 1239 τοῦ
1439 1178 1504 1261 όρα-

256 1281 308 1340 τοῦ
331 1278 433 1341 διὰτὸ
455 1279 579 1362 πάσχειν
600 1301 626 1340 τι
649 1273 697 1340 ὑπ’
717 1275 817 1350 αὐτοῦ,
839 1278 887 1339 καὶ
910 1279 1131 1362 διαπορθμεύειν
1146 1278 1291 1359 νομίζεται
1312 1278 1344 1340 τδ
1367 1280 1503 1363 διαφανὲς

216 1394 244 1439 ιο
255 1382 304 1444 καὶ
327 1380 360 1443 τδ
376 1380 482 1463 μεταξύ
505 1383 546 1449 ὡς
568 1384 611 1465 τηῖ
627 1402 659 1442 τε
680 1380 754 1462 φωτὶ
777 1381 903 1441 τελειοῦν
923 1381 972 1442 καί
994 1386 1030 1463 τῇ
1054 1382 1200 1444 διαστάσει
1223 1380 1256 1442 τὸ
1273 1380 1434 1464 σύμμετρον
1451 1406 1502 1445 πα-

255 1482 423 1567 ρεχόμενον.
468 1483 644 1566 προσθῶμεν
666 1480 698 1542 δὲ
720 1481 768 1543 καί
790 1480 846 1545 ὅσα
867 1486 950 1565 κοινῇ
973 1483 1036 1564 περὶ
1060 1484 1155 1564 πάσης
1170 1483 1377 1565 ἐθεωρησαμεν
1400 1483 1502 1567 αἰσθή-

255 1606 346 1654 σεως·
373 1585 426 1669 τὴν
448 1585 478 1647 ἐν
500 1589 543 1668 τῷ
567 1583 748 1666 αἰσθητηρίιμ
771 1587 823 1646 τοῦ
844 1584 986 1666 αἰσθητοῦ
1010 1583 1133 1669 ἔμφασιν
1156 1585 1230 1647 κατὰ
1252 1585 1304 1666 τὴν
1326 1590 1418 1648 πεῖσιν
1441 1586 1502 1666 ἅμα

254 1688 302 1749 καλ
324 1689 376 1772 τἠν
391 1687 533 1771 ἐνέργειαν
556 1685 762 1768 συνισταμένην
785 1685 815 1747 ἐν
829 1691 867 1767 τῇ
891 1686 963 1770 πρὸς
984 1688 1017 1749 τδ
1039 1688 1178 1769 αἰσθητὸν
1196 1687 1359 1769 ὁμοιότητι·
1386 1688 1434 1749 καλ
1449 1688 1501 1770 τὴν

255 1786 377 1873 ἔμφασιν
399 1790 441 1859 εἰς
463 1789 539 1857 εἶδος
560 1787 761 1872 τελειουμένην
783 1787 814 1849 ἐν
830 1792 870 1871 τῇ
886 1794 967 1871 κοινῇ
991 1794 1041 1851 τοῦ
1059 1789 1197 1852 συνθέτου
1214 1793 1292 1872 ζωῇ·
1315 1791 1363 1852 καί
1379 1791 1427 1852 τόν
1443 1793 1503 1858 τοῖς

215 1906 241 1950 15
254 1889 342 1955 εἴδεσι
363 1891 474 1959 τούτοις
495 1889 696 1975 ἐφαρμόζοντα
717 1888 950 1975 προβαλλόμενον
966 1892 1024 1953 άπδ
1045 1896 1096 1973 τῆς
1111 1891 1283 1974 αἰσθητικῖης
1306 1896 1402 1976 ψυχῆς
1417 1891 1501 1974 λόγον

252 1992 323 2058 καθ’
352 1994 383 2057 δν
406 1995 425 2077 ἡ
449 1993 537 2076 κρίσις
560 1994 608 2055 καλ
629 1994 649 2076 ἡ
672 1991 792 2060 σύνεσις.
836 1996 964 2061 τοιοῦτος
987 1993 1003 2056 ό
1026 1991 1130 2076 τρόπος
1151 1998 1204 2077 τῆς
1226 1994 1291 2077 περὶ
1313 1994 1438 2077 ἑκάστην
1460 1993 1501 2057 αῖ-

255 2097 359 2180 σθησιν
381 2097 517 2178 θεωρίας,
543 2096 575 2159 δν
598 2097 644 2157 δεῖ
664 2096 788 2176 μάλιστα
810 2093 844 2157 ἐκ
865 2099 922 2157 τῶν
941 2093 1098 2179 Ἰαμβλίχιμ
1121 2094 1226 2164 ἐντοῖς
1247 2097 1313 2179 περὶ
1334 2101 1432 2181 ψυχῆς
1454 2120 1500 2160 πε·

254 2198 496 2283 φιλοσοφημένων
529 2197 754 2282 ἀναλαμβάνειν,
787 2195 817 2265 ἐξ
845 2197 885 2258 ὧν
915 2197 963 2259 καὶ
990 2202 1038 2260 νῦν
1067 2199 1152 2281 ἡμεῖς
1178 2202 1267 2261 ταῦτα
1292 2198 1501 2283 συνηρημένως

254 2302 435 2384 γεγράφαμεν
457 2301 506 2363 τδν
528 2299 616 2362 τύπον
639 2300 803 2383 ὑπογράψαι
827 2304 880 2382 τῆς
902 2300 1037 2383 ἀκριβοῦς
1057 2301 1122 2383 περὶ
1145 2300 1268 2382 ἑκάστην
1292 2302 1415 2385 θεωρίας
1438 2303 1501 2386 βου·

211 2403 382 2484 υολόμενοι·
418 2402 482 2464 ἐπεὶ
504 2401 538 2464 ού
561 2406 645 2465 τοῦτο
667 2405 716 2463 νῦν
737 2402 807 2484 ημῖν
831 2401 977 2486 πρόκειται
999 2402 1138 2471 ἐπεξιέναι
1160 2408 1197 2483 τῇ
1221 2404 1285 2486 περὶ
1306 2403 1403 2467 αὐτῶν
1426 2407 1500 2487 διαρ-

253 2506 373 2588 θρώσει,
407 2504 482 2567 ἀλλὰ
504 2504 540 2567 τὰ
566 2509 616 2567 τοῦ
640 2503 838 2588 Θεοφράστου,
872 2503 903 2566 εῖ
920 2504 949 2566 τί
971 2527 1002 2566 τε
1028 2505 1076 2566 ἐπὶ
1098 2503 1185 2567 πλέον
1208 2509 1260 2588 τῆς
1283 2503 1499 2589 Ἀριστοτέλους

253 2605 441 2690 παραδόσεως
462 2606 634 2690 προστίθησι
651 2611 802 2688 συναιρεῖν,
826 2607 874 2669 καί
890 2604 957 2670 εἴτι
972 2608 1090 2689 ἀπορῶν
1106 2608 1244 2690 προτείνει
1259 2607 1500 2692 ἐπεξεργάζεσθαι

253 2709 326 2773 κατά
341 2710 469 2792 δύναμιν.
565 2705 628 2771 Ἐπὶ
651 2707 701 2771 ούν
721 2708 756 2771 τὰ
772 2713 822 2771 τοῦ
838 2708 1026 2794 Θεοφράστου
1049 2709 1219 2792 ἐπανίωμεν.
1253 2710 1383 2793 φαίνεται
1398 2712 1434 2793 δὴ
1450 2712 1497 2773 καὶ
1519 2727 1547 2781 16

254 2812 339 2881 αύτδς
360 2812 496 2895 οδδεμίαν
522 2813 608 2881 ἀξιῶν
636 2809 773 2893 αἴσθησιν
795 2810 919 2875 αὐτόθεν
945 2812 1087 2893 θιγγάνειν
1109 2816 1159 2874 τοῦ
1181 2811 1338 2894 αἰσθητοῦ·
1372 2812 1409 2874 τδ
1435 2812 1499 2896 γὰρ

212 2916 298 2997 υ5μὴ
322 2913 453 2987 κοινόν,
480 2914 565 2999 φησί,
600 2914 688 2997 μηδὲ
718 2912 840 2994 ὅμοιον
868 2914 998 2982 ἐντοῖς
1024 2915 1232 2997 όμογενέσιν
1260 2913 1322 2977 οῦκ
1345 2912 1497 2998 εὔλογον.

253 3018 352 3099 ἐπάγει
375 3018 407 3081 δέ
430 3018 495 3102 περλ
515 3020 566 3079 τοῦ
590 3017 745 3100 διαφανοῦς
767 3019 808 3084 ὡς
830 3016 1074 3100 ἐπιταράξειεν
1100 3016 1139 3080 άν
1161 3040 1257 3085 τινας
1280 3016 1396 3079 διὰτὸ
1420 3017 1499 3079 οὶσύ·

253 3120 373 3204 νηθες,
397 3118 492 3187 ὅπως
507 3118 645 3199 λέγεται
667 3119 792 3203 ύρατδν
816 3119 861 3202 μὴ
878 3117 956 3182 καθ’
977 3118 1061 3182 αύτδ
1081 3120 1169 3183 ἀλλὰ
1190 3118 1247 3182 διὰ
1262 3120 1299 3181 τδ
1315 3119 1498 3203 ἀλλότριον

251 3227 392 3306 χρῶμα·
421 3222 505 3285 ὡσεὶ
527 3223 583 3284 καλ
605 3219 748 3302 γευστόν
765 3245 797 3283 τι
812 3220 901 3283 κατὰ
915 3221 1102 3305 ἀλλότριον
1118 3221 1260 3304 ἐλέγετο
1275 3221 1397 3306 χυμόν.
1434 3220 1498 3284 εύα-

250 3325 372 3394 πόλυτος
395 3325 428 3387 δέ
450 3325 611 3406 ἡδοκοῦσα
633 3325 758 3407 ταραχή.
802 3321 950 3406 ἀλλότριον
972 3324 1025 3408 γὰρ
1048 3329 1157 3409 χρῶμα
1171 3326 1204 3386 τδ
1226 3329 1290 3408 φῶς
1311 3327 1351 3392 ὡς
1372 3323 1497 3408 ἀλλαχό-

210 3428 300 3489 υυθεν
323 3426 394 3510 ἧκον
417 3427 476 3489 ἀπὸ
503 3429 553 3488 τοῦ
580 3426 754 3509 φωτίζοντος
780 3424 905 3506 λέγεται,
938 3425 1001 3488 ἐπεὶ
1024 3429 1065 3494 ύις
1092 3425 1135 3488 ότι
1158 3425 1332 3489 οἰκειότατόν
1358 3426 1418 3489 ἐστι
1439 3430 1497 3488 τῶν

253 3528 409 3613 ὁρωμένων
431 3529 464 3591 τὸ
486 3533 550 3611 φῶς
573 3531 613 3596 ὡς
634 3531 759 3591 τελειοῦν
776 3526 850 3590 αὐτὰ
871 3528 919 3590 καὶ
942 3527 983 3596 εἰς
1005 3528 1146 3612 ἐνέργειαν
1169 3526 1248 3611 ἄγον.
1293 3529 1337 3590 διδ
1360 3527 1418 3590 εῖτε
1433 3526 1497 3613 ἔχει

251 3631 322 3695 ἴδιον
345 3635 453 3715 χρῶμα
475 3631 508 3693 τδ
530 3629 676 3715 διαφανές,
707 3632 865 3692 τελειοῦται
893 3630 992 3713 ὥσπερ
1019 3629 1123 3692 καὶτὰ
1148 3634 1205 3692 τῶν
1228 3628 1324 3692 ἄλλων
1353 3633 1497 3714 χρώματα

251 3735 307 3797 ύπδ
329 3737 379 3796 τοῦ
401 3732 512 3816 φωτός·
546 3732 580 3795 ού
602 3732 655 3816 γὰρ
679 3733 841 3816 ἀφαιρεῖται
865 3731 900 3794 τά
922 3733 1014 3794 οἰκεῖα
1035 3733 1068 3794 τδ
1090 3738 1155 3816 φῶς
1176 3732 1251 3795 ἀλλὰ
1272 3731 1434 3795 τούναντίον
1456 3734 1497 3803 εἰς

250 3836 393 3920 ἐνέργειαν
416 3835 491 3917 άγει·
524 3834 582 3898 εἴτε
605 3834 714 3919 άχρουν
739 3834 800 3897 ἐστὶ
822 3831 890 3897 καθ’
915 3833 996 3909 αύτό,
1019 3835 1075 3896 ύπδ
1098 3838 1148 3897 τοῦ
1170 3835 1267 3918 φωτὸς
1290 3835 1350 3897 οἷον
1371 3836 1497 3919 χρωννύ-

195 4093 213 4144 4
240 4092 272 4146 cf.
292 4093 408 4159 Simplic.
426 4092 444 4144 l.
457 4108 480 4145 c.
502 4093 612 4157 137‚ll:
633 4091 741 4143 Aristot.
759 4091 867 4143 4191112
991 4090 1024 4143 27
1051 4089 1159 4161 λέγεται]
1177 4092 1286 4143 Αιίεἰοί.
1305 4092 1397 4143 418b4

196 4180 230 4232 32
248 4179 309 4232 ἰδιον
326 4179 431 4253 χρῶμα]
451 4179 483 4232 cf.
503 4180 611 4232 Aristot.
629 4178 738 4230 439b13
844 4178 878 4230 34
897 4177 1003 4251 άχρουν]
1022 4178 1054 4230 cf.
1072 4179 1181 4230 Aristot.
1199 4177 1308 4230 4181128

199 4417 294 4491 ΙΞχοι
311 4417 436 4471 ΗΙίῙλίθῦ
551 4419 620 4471 θίν
639 4417 733 4486 σκότει]
753 4415 798 4470 ὅσα
816 4419 842 4471 ὲν
861 4418 945 4470 σκύτει
964 4420 1002 4469 bw
1117 4417 1160 4469 καλ
1178 4414 1224 4469 δσα
1241 4419 1344 4471 uncinis
1363 4420 1455 4472 inclus.
1475 4437 1495 4471 w

196 4505 220 4557 5.
239 4506 254 4557 6
283 4504 322 4557 διὰ
340 4505 369 4556 τὸ
387 4504 679 4578 ἀσύμμετρον-δρᾶται
696 4507 753 4559 BL:
771 4522 821 4558 om.
841 4507 919 4558 ceteri
1042 4504 1058 4556 9
1085 4502 1277 4575 διαπορθμεύων
1296 4505 1410 4568 LMPQV

200 4593 231 4645 10
247 4594 286 4661 τιγῖ
304 4589 398 4659 μιτοιθι
415 4593 543 4657 M¹P¹Qv2
563 4594 601 4645 τὼ
620 4591 775 4663 (υῖι)μεταξδ
793 4593 814 4645 L
923 4592 954 4643 19
972 4596 1017 4644 τοῦ
1035 4591 1153 4662 ἀκριβοῦς
1172 4593 1282 4644 ΗλΙΡλινι
1388 4591 1496 4664 θεωρίαν

196 4678 331 4731 HM²P¹bw
428 4678 463 4732 20
480 4679 603 4749 διαθρύοιι
621 4681 734 4743 LMPQV
833 4679 866 4731 22
885 4678 1045 4749 παραδόσεως
1063 4693 1112 4730 om.
1132 4678 1258 4742 BLWQV
1357 4678 1495 4751 ουνεπεξερ-

195 4764 312 4832 γάζτσθαι
331 4782 352 4816 ν
454 4766 488 4819 23
507 4768 640 4835 ἐπανίομιν
659 4767 769 4829 BMPQb
869 4767 902 4819 ‘28
921 4765 989 4835 ἔλεγε
1006 4766 1050 4817 τὸν
1069 4766 1150 4835 χυμόν
1170 4767 1208 4817 bw
1309 4767 1342 4818 29
1360 4766 1496 4836 γριύματος

196 4858 251 4922 φῶς
268 4867 290 4903 τι
397 4854 427 4903 31
450 4851 502 4926 ἔχει
520 4869 554 4904 w:
574 4853 627 4924 ἰχοι
647 4855 721 4906 codd.
741 4856 757 4907 b
863 4852 897 4905 34
916 4851 1042 4910 καθαυτὸς
1061 4853 1092 4905 L¹
1197 4851 1359 4927 χρωνύμινον
1378 4853 1468 4917 BLQV
