3510 5610
199 333 241 399 68
586 300 593 316 '
743 334 914 390 Pulsolnru
932 333 1013 388 nrm

252 528 351 591 aquae
374 508 505 588 multae,
532 509 596 572 nix'
612 531 687 575 uero
715 516 746 574 et
772 509 907 573 maximo
934 530 989 593 per
1013 509 1096 573 locos
1118 509 1151 572 in
1172 508 1320 573 interiore
1342 528 1414 572 aere
1436 528 1506 592 per·
1523 522 1576 581 πο

252 617 346 693 petua
369 611 508 676 efficitur.
553 612 641 676 breui
656 634 732 677 aere
754 612 819 675 iam
839 618 928 676 tonat
951 617 982 675 et
1003 612 1137 694 fulgorat
1158 617 1190 675 ot
1211 611 1377 696 spirituum
1395 611 1503 675 multi·

252 712 361 777 tudine
383 714 471 798 quasi
493 715 555 777 fixa
577 715 754 797 quiescente
777 720 808 778 et
829 713 993 796 umiditate
1016 714 1177 778 deficiente
1200 734 1219 777 a
1239 715 1312 779 solis
1334 713 1503 778 caliditate.
1522 727 1575 786 son

250 815 353 880 uirtus
375 817 458 881 enim
480 817 600 901 frigoris
622 817 662 880 ad
683 816 831 880 imbrium
854 816 1083 881 descensionem
1104 824 1136 880 et
1151 816 1363 881 collectionem
1378 818 1506 902 spiritu·

223 931 303 980 eum
327 918 445 1002 indiget
468 919 626 982 cuiusdam
649 919 956 983 commensurationis
984 941 1022 983 ex
1050 920 1150 984 calore
1178 919 1218 983 ad
1244 941 1351 984 eorum
1379 938 1534 1003 genera-1

251 1020 382 1100 tionem3
405 1020 551 1104 frigidum
567 1042 640 1085 uero
656 1042 786 1100 summe,
809 1021 890 1085 sicot
905 1029 937 1086 ot
951 1022 1086 1106 igneum,
1110 1044 1210 1107 neque
1225 1021 1265 1086 ad
1279 1030 1389 1102 uentos
1405 1045 1507 1108 neque

252 1122 289 1186 ad
313 1123 435 1207 pluuias
463 1129 659 1207 oportunum.
704 1145 767 1188 non
793 1123 887 1207 igitur
912 1124 1088 1189 borealibus
1114 1124 1255 1209 partibus
1281 1125 1405 1209 pluuias
1434 1127 1505 1209 quis

250 1225 283 1288 in
305 1225 417 1304 hieme,
441 1232 473 1289 et
495 1226 681 1291 australibus
703 1232 735 1290 et
756 1226 848 1290 ualde
870 1226 968 1310 igneis
989 1227 1022 1291 in
1045 1232 1163 1291 aestate
1183 1226 1390 1307 distribuerit3
1413 1229 1505 1293 iuxta

250 1349 323 1392 uero
346 1329 419 1393 solis
442 1328 621 1393 distantiam
645 1335 700 1393 aut
721 1328 986 1413 propinquitatem
1013 1330 1091 1394 tales
1113 1329 1245 1394 discerni
1267 1329 1382 1394 dixerit
1403 1336 1504 1395 mota·

211 1446 236 1489 ro
249 1432 358 1495 tiones
403 1431 509 1514 itaque
531 1431 564 1494 in
588 1439 765 1515 unaatque
781 1431 813 1495 in
830 1431 937 1496 eadem
953 1432 1076 1515 regione
1092 1453 1281 1516 consequens
1297 1440 1344 1496 est
1358 1432 1503 1498 inuenire

249 1555 348 1618 parua
370 1532 517 1597 distantia
538 1534 656 1617 frigoris
679 1541 773 1618 atque
796 1535 904 1599 caloris
926 1541 1052 1599 statum.
1519 1553 1548 1595 ro

805 1789 899 1856 CAP.
922 1791 953 1856 V.

765 1926 886 1991 Tearos
907 1928 992 1990 deest.

336 2099 485 2192 Quintum
509 2099 679 2183 capitulum
703 2099 796 2163 babet
816 2099 872 2163 sic:
897 2106 928 2162 et
943 2098 1014 2162 hoc:
1037 2119 1144 2182 quare,
1166 2098 1348 2165 infirmitate
1364 2107 1420 2164 aut
1434 2120 1502 2184 pas·

210 2215 235 2259 rs
248 2201 335 2266 sione
358 2223 396 2264 ex
418 2201 587 2284 frigiditate
609 2208 664 2266 aut
685 2202 844 2266 caliditate
867 2202 958 2281 iacta,
981 2201 1033 2285 qui
1056 2201 1227 2286 patientem
1242 2202 1374 2265 uisitant
1388 2202 1502 2266 medici

251 2324 384 2367 consone
407 2324 444 2366 ex
465 2303 634 2386 frigiditate
654 2313 709 2368 aut
725 2304 883 2368 caliditate
903 2305 1106 2388 pronuntiant
1122 2326 1196 2385 esse,
1219 2305 1252 2367 in
1267 2305 1403 2369 curando
1426 2326 1501 2369 uero

197 2471 201 2480 ,
249 2413 280 2470 ot
302 2406 335 2470 in
357 2406 599 2471 medicaminum
621 2407 830 2491 temperantia
851 2406 972 2470 dissone
996 2407 1124 2486 babent3
1149 2413 1180 2471 et
1200 2407 1279 2471 alter
1293 2407 1421 2471 alterius
1437 2429 1502 2471 me·

250 2508 412 2572 dicaminis
446 2509 635 2573 oblationem
667 2517 916 2594 corrumpentem
943 2515 974 2572 et
1001 2510 1190 2573 contrariam
1223 2510 1392 2574 arbitratur
1425 2532 1501 2589 esse,

248 2610 328 2675 alter
354 2632 427 2676 uero
455 2612 607 2695 opinionis
633 2633 708 2677 suae
740 2612 891 2676 auxilium
923 2611 1051 2675 afferens
1079 2619 1166 2675 curat
1192 2611 1382 2696 patientem?
1416 2620 1448 2676 et
1474 2613 1502 2675 si

197 2727 235 2772 -ro
249 2713 373 2795 quidem
396 2713 623 2778 medicamenta
645 2714 800 2779 contraria
821 2724 894 2777 sunt
916 2714 1041 2777 sibimet
1063 2722 1094 2778 et
1115 2734 1177 2777 non
1205 2723 1344 2778 resecant
1370 2714 1501 2779 infirmi·
1516 2732 1544 2774 ro

150 2857 156 2869 ι
249 2823 355 2894 tatem,
379 2837 474 2899 quare
496 2816 623 2881 illorum
643 2816 758 2880 auxilio
781 2816 925 2880 laborans
947 2838 1041 2880 sanus
1063 2814 1213 2879 efficitur?
1234 2817 1262 2879 si
1277 2838 1350 2881 uero
1367 2819 1502 2901 patienti

242 2918 475 2982 medicamenta
496 2939 588 2981 causa
610 2919 753 2982 sanitatis
775 2939 838 2982 non
860 2923 933 2981 sunt
955 2920 1050 2996 facta,
1076 2918 1129 2982 sed
1152 2939 1206 3002 per
1228 2927 1392 2996 euentum,
1420 2942 1502 3004 quae

248 3020 370 3086 utilitas
402 3020 592 3084 medicinae?
633 3021 660 3084 si
694 3027 798 3084 autem
827 3021 1033 3085 medicamina
1062 3042 1155 3084 causa
1187 3020 1330 3085 sanitatis
1363 3013 1525 3102 luorunt‚'

251 3121 464 3208 quaerendum
497 3123 570 3205 quia
596 3123 803 3187 medicamina
836 3132 867 3187 ot
896 3123 1047 3187 auxilinm
1080 3123 1234 3187 contraria
1265 3124 1391 3188 luerunt
1424 3127 1501 3191 sibi-

215 3227 415 3316 aemit,‚aut
444 3246 518 3289 non.
572 3226 598 3289 si
631 3226 714 3290 enim
749 3227 902 3291 contraria
935 3231 1037 3305 erant,
1069 3246 1163 3309 quare
1195 3226 1312 3290 auxilio
1345 3230 1501 3293 contrario

251 3331 354 3394 oblato
378 3348 440 3390 non
462 3328 617 3392 contraria
638 3328 858 3412 perficiuntur?
880 3339 912 3392 et
934 3328 1003 3391 boc:
1028 3327 1162 3412 quodam
1184 3328 1389 3392 medicamine
1408 3330 1503 3395 ualde

251 3431 360 3516 frigido
384 3431 535 3495 existente
557 3437 589 3495 et
611 3452 682 3494 curn
704 3431 801 3495 altero
824 3431 927 3494 minus
948 3430 1057 3512 frigido
1080 3431 1193 3510 mixto,
1220 3452 1301 3514 quac
1327 3431 1359 3495 in
1381 3433 1501 3517 frigidi·
1515 3451 1544 3493 so

249 3541 314 3597 tate
337 3533 428 3597 debet
449 3533 559 3610 lacere,
582 3533 716 3597 mixtum
738 3534 850 3598 minori
872 3534 980 3616 frigido
1004 3534 1072 3617 plus
1095 3532 1187 3597 facit?
1209 3533 1350 3615 sienim,
1373 3536 1502 3619 quando

244 3637 341 3701 semel
362 3635 501 3699 substitit
522 3636 628 3700 eodem
644 3636 779 3720 pondere
792 3637 843 3701 uel
860 3637 953 3700 etiarn
969 3656 1115 3700 mensura
1129 3635 1351 3715 medicaminis,
1374 3639 1502 3721 aequali

209 3738 418 3822 solrigiditate
441 3739 638 3823 etpondcrc.
682 3740 739 3802 hoc
760 3738 862 3823 ipsum
886 3744 990 3801 autom
1013 3743 1044 3800 et
1065 3735 1103 3800 de
1129 3736 1237 3801 calidis
1263 3737 1501 3806 medicamentis

251 3842 399 3906 rationem
423 3841 517 3905 habet
539 3840 739 3905 deliberandi.
784 3840 907 3904 uidetur
929 3845 1034 3903 autem
1056 3839 1144 3903 nobis
1166 3861 1229 3904 uon
1250 3841 1350 3904 multo
1372 3840 1504 3926 dignum

149 3999 152 4004 .
249 3949 421 4028 praecepto.
465 3944 596 4007 sienim
619 3945 803 4008 confitemur
829 3962 935 4007 omncs
961 3941 1053 4005 huius
1079 3941 1251 4006 medicinae
1277 3943 1352 4031 artis
1378 3945 1502 4028 regulas

248 4068 322 4110 sane
352 4045 478 4123 habere,
512 4050 544 4109 et
569 4045 602 4108 in
627 4046 695 4130 ipsa
721 4046 877 4110 rationum
911 4043 1144 4108 consonantiam
1169 4044 1394 4110 immotabilem
1422 4049 1500 4131 esse,

248 4149 416 4232 accipimus
449 4168 571 4232 quoque
605 4155 636 4213 et
668 4147 838 4212 medicinae
871 4145 1103 4229 disciplinatum
1136 4147 1306 4230 aequaliter
1330 4147 1501 4216 habentem
1514 4169 1543 4212 ao

206 4249 416 4315 sesecundum
449 4256 547 4314 artem
574 4270 680 4313 omnes
707 4249 845 4314 adunare
872 4255 905 4313 et
930 4248 1102 4313 discernere
1128 4248 1293 4343 diligenter
1320 4250 1353 4315 in
1375 4273 1408 4316 se
1431 4254 1499 4339 ipso

197 4495 209 4547 l
231 4491 326 4562 aquae]
350 4509 413 4592 -quq
433 4491 470 4544 0²
492 4493 517 4557 in
536 4491 572 4543 lit.
591 4494 631 4543 uel
647 4491 694 4544 loc.
800 4507 860 4544 acra
880 4491 915 4543 0¹
938 4488 1054 4557 [¹Iyncro
1072 4492 1133 4557 qnid
1155 4492 1204 4543 abi
1219 4493 1277 4544 velit
1299 4494 1407 4546 interior
1425 4511 1481 4549 aar:
1512 4516 1553 4547 su-

193 4618 275 4685 spicor
298 4631 344 4683 per
365 4614 436 4668 locos
454 4615 483 4667 in
505 4614 628 4667 interiore
646 4616 728 4678 terra,
746 4613 837 4682 procul
853 4631 869 4663 α
885 4615 959 4674 mori,
984 4614 1019 4664 ad
1037 4614 1102 4680 quod
1124 4614 1164 4663 nir
1183 4611 1279 4665 rarior!
1300 4613 1427 4685 Duodea]

197 4756 229 4809 15
248 4705 364 4822 frigilem
385 4755 407 4807 O
426 4754 475 4821 (sic
493 4756 563 4805 eriam
581 4753 659 4821 calb)
770 4753 800 4805 18
824 4757 850 4805 et
871 4752 906 4804 0³
924 4755 948 4803 in
966 4773 1020 4805 ras.
1039 4754 1066 4820 (4
1086 4753 1132 4806 liu.
1151 4771 1229 4806 eras:
1242 4755 1297 4819 suit
1309 4757 1374 4822 sorr.
1392 4760 1418 4810 et
1435 4757 1471 4825 ei)

196 4841 309 4895 28-30
334 4842 409 4892 locum
428 4845 585 4893 obscuriorem
605 4861 655 4892 cum
676 4842 804 4891 Docluero
824 4843 983 4907 {retemptatum
1001 4843 1111 4906 relinquo
1201 4832 1251 4894 ⁸28
1275 4844 1379 4912 quondo
1402 4845 1437 4896 (Ιπ
1456 4847 1481 4896 r'n
1500 4865 1553 4900 rar.

193 4931 333 4998 angustiore
440 4928 473 4982 29
493 4929 613 4983 substitit
633 4930 680 4982 0¹:
700 4930 824 4983 substetit
844 4929 879 4982 6⁹
984 4928 1088 4999 aequali
1111 4928 1146 4981 θ’
1164 4931 1188 4982 in
1206 4947 1259 4982 raa.
