3524 5596
292 342 545 397 ARISTOPHANIS
564 343 748 397 HISTORIAE
770 343 962 397 ANIMALHJM
982 344 1130 397 EPITOME
1149 344 1173 397 11
1192 344 1306 398 58-60
1432 346 1472 410 51

171 535 228 574 των
251 513 349 586 πόλεις
371 516 594 601 μετανέστησαν,
618 518 659 583 ῶς
674 517 720 578 έπί
737 518 855 602 Λιβύης,
877 519 925 580 καί
947 517 1041 580 πολλὰ
1063 517 1137 581 ἀλλα
1159 517 1316 581 ἀνέλπιστα
1337 517 1420 601 πάθη

171 616 370 702 καταλαβόντα
392 619 501 688 πολλὰς
523 622 625 704 χώρας
645 623 703 680 τῶν
727 619 885 703 οἰκητόρων
908 620 1110 704 ἐξηρήμωσαν.

256 718 327 803 (59)
354 715 418 786 Ὅτι
441 722 570 795 ὕστατοι,
597 721 683 805 φησί,
709 727 767 784 τῶν
790 722 861 806 πρδς
888 723 1067 807 μεσημβρίαν
1093 722 1247 785 οἰκούντων
1274 724 1345 787 εἰσίν
1372 723 1421 792 οὓς

164 813 305 904 Ἕλληνες
333 823 384 905 μὲν
407 821 612 907 Κυναμολγούς
635 825 784 897 καλοῦσιν,
812 825 838 886 οἱ
867 825 899 887 δὲ
922 825 1131 906 ἀστυγείτονες,
1160 828 1200 893 ὡς
1220 824 1255 888 ἀν
1277 850 1319 895 τις
1340 825 1420 909 εἴτι-η,

141 919 438 1010 υἌγριοβαρβάρους.
479 925 558 988 οὗτοι
580 931 705 1009 κομῆται
728 925 779 1009 μέν
802 925 857 989 εἰσι
880 928 927 989 καὶ
949 930 1092 1009 πώγωνας
1112 927 1248 1012 φέρουσιν
1271 928 1420 1003 ἐξαισίους,

170 1025 257 1094 κύνας
278 1028 311 1089 δὲ
333 1029 466 1112 τρέφουσι
489 1029 614 1096 πολλούς
641 1030 688 1091 καί
711 1030 867 1111 μεγαλους,
894 1029 1001 1111 ὁμοίως
1023 1034 1083 1099 τοῖς
1103 1029 1264 1116 Ὑρκανοῖς,
1286 1033 1334 1095 καί
1356 1031 1423 1099 τούς

170 1128 378 1212 ἐπιφοιτῶντας
399 1131 495 1194 αὐτῶν
516 1135 552 1213 τῇ
576 1134 664 1216 χιύρηι
687 1130 810 1200 ἰνδικούς
832 1130 902 1216 βύας
926 1130 929 1217 ί
954 1131 990 1195 δι’
1011 1132 1106 1195 αύτῶν
1129 1134 1255 1219 θηρῶσι,
1278 1134 1393 1217 πλῆθος
1403 1148 1475 1195 amr

170 1230 408 1315 ἐπιφαινομένους
438 1234 588 1316 ἀμύθητον
618 1234 676 1296 ἀπδ
706 1238 819 1317 τροπῶν
853 1238 1024 1319 χειμερινῶν
1054 1234 1110 1305 ἕως
1140 1236 1231 1319 μέσου
1261 1241 1421 1321 χειμῶνος·

169 1331 233 1395 είτα
255 1335 303 1397 καί
326 1335 376 1404 τάς
398 1340 455 1398 τῶν
478 1340 571 1398 κυνῶν
596 1336 713 1419 θηλείας
735 1336 907 1420 ἀμέλγοντες
927 1343 970 1423 τῷ
993 1338 1112 1420 γάλακτι
1134 1337 1299 1423 τρέφονται,
1322 1339 1370 1401 καί
1392 1340 1421 1409 ἐξ

130 1449 156 1493 10
170 1433 267 1498 ἄλλων
295 1438 328 1500 δὲ
357 1438 451 1522 θήρας
479 1436 575 1523 ζῴων.
624 1440 672 1501 καί
702 1439 737 1502 τά
767 1440 818 1522 μὲν
847 1443 997 1503 τελευταῖα
1026 1443 1083 1503 τῶν
1112 1439 1209 1525 <πρδς>
1239 1442 1419 1527 μεσημβρίαν

171 1562 299 1602 τοιαυτα.

255 1642 328 1726 (60)
359 1642 428 1712 Τοῖς
447 1641 666 1727 Τρωγλοδύταις
686 1644 719 1706 δὲ
740 1644 773 1706 τδ
797 1644 848 1727 μὲν
871 1644 952 1726 γένος
973 1649 1025 1728 τῆς
1041 1646 1209 1714 συστάσεως
1231 1646 1370 1730 τυραννίς,
1392 1648 1421 1710 αἰ

169 1746 203 1807 δὲ
227 1751 361 1828 γυναῖκες
388 1747 479 1809 κοιναί
506 1748 554 1808 καὶ
582 1747 609 1807 οἰ
637 1747 751 1814 παῖδες·
787 1744 862 1828 μύνη
889 1748 921 1810 δὲ
943 1746 996 1810 ούκ
1018 1745 1109 1815 ἔξεστι
1131 1749 1288 1831 πλησιάσαι
1310 1773 1347 1832 τη
1370 1755 1421 1812 τού

169 1849 316 1930 τυράννου,
340 1853 382 1932 τιγῖ
405 1850 437 1910 δὲ
459 1851 634 1932 τολμήσαντι
658 1847 800 1933 πρύβατον
823 1848 1003 1912 καταθέσθαι
1026 1851 1058 1912 τὸ
1082 1850 1219 1931 ἐπιτίμιον
1243 1851 1361 1914 δίδοται.

130 1951 189 2033 15η
215 1951 247 2012 δὲ
269 1951 436 2035 ἀναστροφὴ
459 1949 570 2012 αὐτῶν·
599 1952 646 2013 τδν
671 1951 722 2032 μὲν
745 1949 813 2034 παρ’
833 1951 931 2020 αὐτοῖς
953 1957 1085 2037 χειμῶνα
1106 1950 1182 2035 (ἔστι
1205 1953 1238 2016 δὲ
1260 1952 1343 2023 οὖτος
1365 1954 1421 2016 ύπδ

170 2052 238 2120 τοδς
261 2051 393 2135 ἐτησίας)
416 2057 511 2115 πᾶσαν
534 2053 630 2115 αὐτῶν
653 2057 703 2115 τοῦ
727 2053 797 2116 θεοῦ
820 2054 872 2137 τὴν
889 2056 989 2138 χώραν
1013 2056 1096 2118 ύδασι
1116 2055 1233 2140 λάβροις
1255 2054 1421 2140 ἐπέχοντος,

170 2154 222 2238 ἀφ’
242 2154 364 2237 αἵματος
394 2155 442 2217 καί
471 2157 613 2236 γάλακτος
644 2159 747 2229 ζῶσιν,
777 2156 818 2224 εἰς
847 2156 934 2218 ταύτδ
966 2157 1094 2237 μίξαντες
1122 2160 1170 2221 καί
1200 2158 1365 2227 κυλίσαντες
1392 2159 1422 2220 έν

171 2258 293 2339 ἀγγείοις
315 2257 382 2339 εἰκῇ
405 2259 633 2342 πεπυρωμένοις.
676 2257 748 2320 ἐπάν
771 2258 803 2319 δὲ
825 2257 929 2341 ἐπιστῇ
957 2260 990 2320 τὸ
1014 2259 1113 2343 θέρος,
1143 2261 1172 2323 ἐν
1195 2266 1254 2330 τοῖς
1277 2263 1422 2344 τελματώ-

172 2362 248 2422 δεσιν
264 2359 489 2445 ἀναστρέφονται
508 2361 636 2445 χωρίοις,
660 2359 820 2445 μαχόμενοι
842 2361 914 2445 πρδς
934 2362 1079 2444 ἀλλήλους
1101 2364 1231 2447 περὶτοῦ
1253 2346 1423 2448 χιλώματος

129 2479 157 2523 ευ
171 2465 219 2527 καὶ
240 2463 277 2525 τὰ
299 2462 478 2547 πρεσβύτερα
500 2469 557 2525 τῶν
581 2462 774 2547 βοσκημάτων
800 2464 848 2526 καὶ
873 2468 1012 2526 νοσοῦντα
1034 2465 1196 2542 δαπανῶσι,
1219 2463 1266 2527 διὰ
1288 2469 1347 2527 τῶν
1371 2489 1421 2549 μα·

170 2567 271 2651 γείρων
298 2569 388 2628 ταῦτα
414 2566 570 2633 κτείνοντες
597 2563 646 2633 οὓς
672 2568 807 2628 καλοῦσιν
831 2563 1041 2649 Ἀκαθοίρτους.
1152 2565 1231 2628 ούτοι
1256 2567 1420 2650 ἀνθρώπων

173 2671 224 2753 μὲν
246 2669 341 2732 ούδενί
364 2667 543 2752 περιτιθέασι
565 2668 616 2750 τὴν
638 2671 696 2729 τῶν
716 2667 823 2749 γονέων
846 2671 958 2750 κλῆσιν,
980 2668 1077 2752 ταύρῳ
1094 2669 1126 2731 δὲ
1147 2670 1195 2732 καί
1218 2669 1274 2752 βοί,
1296 2672 1345 2733 τὸν
1368 2670 1420 2752 μὲν

172 2770 281 2855 πατέρα
303 2773 469 2849 καλοῦντες,
496 2770 548 2853 την
571 2772 603 2833 δὲ
626 2769 750 2854 μητέρα,
777 2770 917 2839 ῶσαύτως
938 2776 1011 2856 κριῷ
1034 2794 1066 2833 τε
1088 2771 1136 2833 καί
1158 2772 1295 2857 προβάτῳ
1319 2772 1365 2835 διὰ
1388 2774 1420 2835 τδ

172 2874 326 2959 λαμβάνειν
353 2873 404 2956 τὴν
431 2874 540 2957 τροιρὴν
569 2873 620 2956 τὴν
643 2871 710 2935 καθ’
731 2872 842 2957 ἡμέραν
864 2872 898 2935 οὐ
921 2874 999 2958 παρά
1020 2879 1079 2936 τῶν
1102 2874 1225 2948 τοκέων,
1253 2874 1327 2937 ἀλλά
1350 2873 1417 2958 παρ’

129 2992 158 3036 25
172 2977 297 3038 ἐκείνων.
334 2975 413 3038 οὖτοι
435 2977 483 3038 καὶ
506 2977 589 3058 ποτῷ
613 2976 627 3037 ύ
645 2975 696 3057 μὲν
719 2975 808 3043 πολύς
830 2973 919 3059 ὄχλος
940 2976 1137 3061 ἀποβρέγματι
1159 2975 1314 3060 παλιούρου
1331 2982 1422 3061 χρῶν-

172 3102 232 3151 ται,
259 3079 286 3140 οί
313 3079 345 3141 δὲ
372 3078 501 3162 τύραννοι
526 3075 583 3138 ἀπύ
610 3100 684 3145 τινος
706 3077 814 3146 ἄνθους
837 3078 1047 3147 σκευασθέντος
1068 3079 1192 3154 πίνουσι,
1220 3079 1422 3163 παραπλησίου

174 3183 321 3266 μοχθηρῷ
347 3185 454 3262 γλυκεῖ.
561 3181 663 3262 γυμνοὶ
690 3181 723 3243 δὲ
744 3186 787 3266 τῷ
811 3179 892 3263 ἀλλιρ
916 3183 1028 3262 σώματι
1056 3183 1257 3265 τυγχάνοντες,
1283 3181 1319 3243 τὰ
1342 3181 1422 3266 ἰσχία

172 3284 308 3368 δέρμασίν
336 3283 390 3346 εἰσι
419 3282 615 3366 διεζωσμέναι.
663 3282 699 3344 τά
728 3284 760 3345 δὲ
788 3284 884 3346 αἰδοῖα
912 3289 971 3352 τοῖς
1000 3284 1052 3367 μὲν
1081 3281 1179 3351 ἄλλοις
1205 3281 1423 3366 Τρωγλοδύταις

173 3388 249 3450 ἐστὶν
272 3385 434 3467 εἰθισμένον
456 3384 677 3468 περιτέμνεσθαι
699 3385 809 3467 ὁμοίως
836 3390 895 3455 τοῖς
919 3385 1097 3469 Αἰγυπτίοις·
1130 3384 1197 3455 τοδς
1222 3386 1255 3448 δὲ
1281 3385 1337 3448 ύπδ
1364 3392 1421 3450 τῶν

130 3487 318 3574 οοἙλλήνων
350 3487 545 3571 καλουμένους
575 3485 725 3573 Κολοβούς
757 3493 814 3552 πᾶν
846 3491 879 3552 τὸ
912 3494 972 3558 τοῖς
1004 3491 1116 3557 λοιποῖς
1148 3487 1234 3572 μέρος
1265 3492 1421 3572 περιτομῆς

119 3645 173 3652 ——-
186 3645 286 3652 .—.-.

119 3726 136 3779 3
158 3725 208 3792 δτι]
230 3726 325 3795 Agath.
344 3726 414 3793 apud
432 3724 506 3776 Phot.
525 3724 905 3792 Bib1.p.4531›35—45424.
933 3725 965 3778 ef.
984 3725 1060 3778 Diod.
1075 3723 1167 3777 [1131.
1195 3723 1279 3776 Strab.
1293 3722 1355 3775 XVI
1374 3738 1400 3790 p.
1414 3720 1474 3773 771.

119 3815 175 3867 Ael.
188 3819 244 3867 nat.
256 3814 335 3866 anim.
347 3813 409 3866 XVI
423 3812 454 3865 31
475 3829 500 3881 p.
512 3812 761 3878 405‚31-406‚20
773 3814 805 3865 H.
943 3813 974 3865 12
998 3819 1049 3871 τοῖς
1067 3809 1268 3881 Τρωγλοδύταις]
1291 3810 1386 3878 Agath.
1404 3809 1474 3877 apud

120 3903 195 3956 Phot
214 3901 282 3954 Bibl.
302 3917 328 3969 p.
340 3899 519 3954 45425-32.
547 3900 579 3953 cf.
597 3901 674 3953 Diod.
686 3900 723 3953 111
736 3900 779 3954 32.
806 3901 890 3954 Strab.
902 3901 964 3954 XVI
982 3917 1009 3968 p.
1022 3899 1073 3952 775

120 4045 189 4052 .-

123 4126 134 4176 l
160 4124 246 4195 λιβύης
263 4124 351 4176 Phot.:
375 4122 501 4194 λυβίηςί)
620 4122 636 4174 2
660 4121 836 4192 καταλαβόντα
855 4123 942 4174 Phot.:
966 4120 1149 4190 καταβύνταΙ)
1272 4117 1474 4189 ἰξερημωσανί)

119 4215 135 4265 4
160 4208 339 4281 Κυναμολγοδς
356 4212 431 4264 Phot.
448 4211 484 4263 I):
506 4206 650 4278 Κυνάμυνοι
671 4210 741 4278 vulg.
760 4210 836 4263 Diod.
978 4209 1033 4278 εἰπη
1054 4210 1075 4261 D
1095 4228 1110 4269 ς
1127 4208 1214 4260 Phot.:
1240 4206 1304 4258 εἴποι
1323 4206 1385 4260 edit.
1399 4207 1474 4258 Phot.

119 4299 135 4352 5
158 4298 377 4369 ’λγριοβαρβάρους
397 4299 432 4350 D:
461 4297 557 4367 ἀγρίους
581 4296 718 4366 βαρβάρους
740 4298 827 4349 Phot.:
856 4299 922 4350 κατὰ
945 4297 971 4349 δὲ
996 4297 1042 4366 τὴν
1066 4302 1118 4348 τῶν
1140 4294 1324 4365 πλησιοχώρων
1347 4292 1475 4346 διάλεκτον

119 4388 198 4459 ἄγριοι
216 4387 293 4439 Diod.
399 4386 414 4436 7
439 4388 470 4454 τῇ
490 4384 563 4454 χώρᾳ
582 4385 616 4436 D:
639 4385 686 4454 τὴν
704 4385 791 4453 χώραν
810 4385 884 4437 Phot.
903 4384 979 4437 Diod.
1085 4384 1101 4435 8
1125 4388 1270 4453 χειμερινῶν
1290 4383 1327 4434 sic
1345 4382 1367 4434 D
1386 4382 1473 4434 phot:

118 4480 187 4528 recte
207 4472 311 4544 θερινῶν
332 4472 407 4525 Diod.
426 4473 483 4525 Ael.
502 4472 586 4525 Strab.
731 4473 763 4524 10
787 4472 848 4541 πρὸς
867 4471 954 4524 addidi
973 4488 1005 4523 ex
1024 4472 1113 4523 Πτολε
1138 4471 1224 4522 om.D
1368 4467 1400 4519 12
1424 4473 1475 4526 τοῖς

119 4561 300 4633 τρωγλοδύταις
318 4560 344 4613 δὲ
363 4561 398 4612 D:
423 4561 454 4611 τὰ
472 4559 498 4611 δὲ
516 4561 582 4612 κατὰ
600 4561 656 4618 τοὺς
674 4558 846 4628 τρωγλοδύτας
867 4563 969 4610 τοιαῦτα
987 4560 1062 4611 Phot.
1205 4557 1237 4611 13
1259 4555 1279 4609 δ’
1296 4557 1369 4608 Phot.

122 4651 154 4701 15
170 4650 314 4719 ἀναστροφὴ
334 4649 421 4700 Phot.:
443 4647 571 4717 ἀνατροηὴ
590 4648 611 4700 Ι)
718 4645 744 4698 δὲ
763 4648 835 4712 (ante
854 4645 935 4709 οὗτος)
955 4647 990 4698 D:
1008 4645 1027 4698 δ’
1042 4647 1117 4698 Phot.
1220 4645 1251 4696 16
1270 4644 1369 4714 ἐτησίας
1386 4643 1475 4695 Phot.:

119 4738 270 4808 ἑτησίουςΙ)
376 4736 475 4806 λάβροις
492 4738 581 4789 Phot.:
599 4735 723 4804 λάβροιί)
830 4733 861 4786 θλ
882 4732 949 4785 ούτοι
966 4733 1053 4785 phot:
1073 4731 1142 4785 ούί)
1248 4732 1282 4785 25
1300 4733 1371 4800 ποτῷ
1385 4730 1474 4782 phot:

119 4827 195 4877 ποτὸν
213 4827 235 4877 Ι)
351 4824 485 4895 παλιούρου
504 4824 592 4876 phot:
618 4821 740 4890 πολλύρου
761 4823 780 4873 ἰ)
898 4821 932 4873 27
956 4827 993 4890 τῷ
1012 4819 1080 4889 ἄλλῳ
1100 4819 1197 4886 σύιματι
1218 4820 1250 4871 D:
1273 4818 1302 4871 τύ
1321 4817 1382 4870 ἀλλο
1401 4822 1475 4886 σῶμα

120 4914 194 4967 Phot.
320 4910 353 4963 29
378 4911 471 4980 δμοίως
492 4918 542 4968 τοῖς
563 4908 703 4980 Αἰγυπτίοις
722 4910 757 4961 D:
782 4906 896 4980 καθάπερ
916 4906 1063 4977 Αἰγυπτίους
1081 4908 1155 4960 Phot.
1278 4905 1297 4958 δ’
1312 4907 1388 4959 Phot.

1228 4992 1275 5061 4*
