3524 5596
592 301 802 356 SOLUTIONES
822 303 868 356 AD
887 302 1069 356 cflosuoun
1466 304 1508 370 69

206 474 342 538 rationes
364 474 545 560 disciplinae
567 483 598 540 et
621 498 658 540 ex
679 498 715 540 ea
730 475 877 540 aduersus
894 476 1080 539 modicorum
1098 476 1329 540 dissonantiam.
1375 475 1457 542 disco
1475 490 1525 550 509

206 575 332 659 quidem
355 578 597 656 multitudinem,
619 579 672 642 sed
696 600 793 642 urium
813 587 843 642 et
859 580 991 642 eundern
1008 579 1146 661 intellige
1162 579 1353 645 artillcalern.
1376 580 1457 643 siunt

206 679 301 742 etiam
323 701 419 743 unam
442 703 507 744 esse
529 682 700 745 medicinae
722 681 927 765 disciplinam.
973 703 1033 745 non
1062 683 1195 765 amplius
1222 681 1259 745 do
1283 682 1456 746 differentia

204 782 376 847 sanitatum
390 791 454 847 ¹aut
477 785 571 848 etiam
593 784 784 847 adhibitione
806 784 1045 848 medicaminum
1070 785 1322 848 conuenientium
1339 792 1369 848 et
1384 807 1454 848 cen·

177 886 366 969 esequentia
388 909 460 951 cum
483 887 695 951 laborantibus
717 886 902 971 disceptabis
924 887 1060 970 undique
1083 887 1230 966 extincta,
1254 896 1288 950 ut
1311 887 1453 951 aestima·

203 1010 284 1051 mus:
313 988 368 1052 sed
392 989 550 1053 artilicalis
577 990 713 1053 medicus
741 990 882 1072 diligenti
908 990 1082 1072 cognitione
1108 991 1341 1075 perseipsum
1365 998 1496 1053 utonsro

205 1091 369 1175 disciplina
390 1097 422 1153 et
443 1092 654 1175 experimento
676 1092 917 1156 medicaminum
941 1100 1101 1173 cognoscet
1123 1092 1341 1167 differentiam,
1374 1093 1455 1156 sicut

205 1194 298 1257 etiam
326 1215 576 1279 unamquamque
603 1195 892 1278 intelligentiarum:
927 1194 1176 1278 quandoquidem
1205 1217 1277 1259 aera
1304 1176 1335 1259 et
1362 1195 1454 1275 locos,

204 1318 355 1380 aquarum
386 1298 574 1361 alteritatem
601 1298 768 1381 cognoscit,
802 1303 834 1361 et
860 1298 981 1381 prolicit
1010 1298 1241 1361 infirmitatibus
1270 1299 1454 1362 naturaliter

164 1415 190 1458 ro
204 1408 234 1464 et
257 1399 440 1483 qualitatem
464 1400 685 1464 calificantium
708 1408 739 1463 et
754 1401 1002 1483 refrigerantium
1018 1410 1049 1463 et
1064 1400 1197 1463 molliam
1213 1401 1451 1486 temperantiam

205 1503 386 1566 habentium
409 1522 537 1566 noscens
563 1511 595 1566 et
623 1503 831 1586 quantitatem
855 1502 1095 1586 uniuscuiusque
1118 1502 1292 1587 ponderans
1319 1514 1351 1568 et
1372 1525 1451 1587 quae

203 1606 244 1669 sit
273 1606 373 1668 uirtus
403 1626 557 1669 armorum
585 1606 753 1669 mixtorum
780 1605 818 1668 ad
852 1606 914 1668 alia
944 1613 976 1669 et
1001 1627 1057 1690 per
1082 1627 1115 1669 se
1142 1606 1210 1690 ipsa
1236 1606 1392 1670 datorum:
1422 1617 1493 1672 etse

203 1730 258 1793 per
280 1708 402 1771 nullum
424 1714 548 1792 tempus
570 1714 625 1771 aut
646 1707 773 1771 modum
796 1707 927 1792 propriis
949 1709 1085 1772 obstabit
1108 1716 1138 1772 et
1160 1707 1199 1771 ad
1220 1730 1342 1793 semper
1355 1711 1451 1776 liuen-

203 1817 266 1873 tem
289 1831 451 1894 corporum
474 1811 636 1874 materiam
658 1817 689 1874 et
710 1811 890 1874 motabilem
913 1818 1059 1895 coaptans
1082 1812 1249 1875 uniformes
1278 1813 1451 1878 curationes

162 1929 189 1973 15
202 1922 258 1978 aut
279 1915 374 1978 etiam
390 1914 551 1998 speciebus
566 1913 749 1976 commixtas
763 1912 796 1976 in
811 1934 957 1976 mensura
972 1913 1108 1998 quadam
1123 1921 1155 1977 et
1168 1914 1303 1997 pondere
1318 1913 1467 1992 dilsrnito¹

203 2017 414 2100 indigentibus
436 2016 561 2080 addens

745 2340 839 2407 CAP.
862 2343 912 2408 VI.

713 2514 834 2580 itales
855 2517 940 2580 deest.

285 2705 324 2770 Et
346 2707 403 2769 hoc
425 2725 561 2789 quoque:
584 2725 680 2787 quare
702 2704 841 2768 Rubrum
862 2727 949 2770 maro
971 2705 1181 2795 persingulas
1204 2713 1308 2770 noctes
1323 2705 1450 2788 diesque

159 2824 187 2868 ao
200 2818 247 2874 est
273 2809 398 2893 quidem
426 2806 549 2891 quaudo
581 2805 732 2871 redundat
765 2798 873 2891 estque
899 2808 1022 2892 quando
1049 2829 1202 2872 recessum
1229 2813 1384 2893 expectat,
1418 2812 1450 2870 et

199 2911 405 2977 redundantia
432 2911 557 2994 quidem
587 2909 734 2973 luualiter
761 2918 912 2994 quantum
939 2910 1040 2974 differt
1069 2911 1100 2974 in
1123 2911 1192 2995 plus
1215 2918 1246 2976 et
1267 2910 1385 2989 miuus,
1418 2919 1450 2975 et
1467 2924 1516 2983 siu

199 3036 301 3099 neque
331 3014 365 3077 in
391 3012 596 3077 redundantia
628 3019 771 3095 augetur,
805 3034 905 3097 neque
936 3013 970 3077 in
1002 3013 1207 3078 minoratione
1240 3013 1448 3097 priuationem

200 3139 352 3202 aquarum
375 3117 484 3180 dicunt
506 3106 594 3193 fieri}
608 3135 709 3198 neque
730 3115 844 3180 iterum
863 3115 1068 3180 redundantia
1083 3123 1250 3179 uentorum
1263 3115 1447 3179 necessitate

198 3242 299 3304 neque
322 3240 459 3285 recessus
481 3218 605 3281 illorum
627 3216 750 3280 silentio
774 3219 917 3282 efficitur:
946 3226 978 3282 et
1006 3218 1064 3283 boc
1090 3239 1213 3301 quoque
1235 3217 1445 3295 manifestum,

159 3337 186 3382 25
200 3324 273 3407 quia
294 3322 440 3386 maximis
462 3320 642 3384 fluminibus
664 3341 785 3404 semper
807 3321 1009 3384 influentibus
1031 3328 1062 3384 et
1084 3322 1201 3385 relluxu
1217 3341 1278 3384 non
1295 3321 1487 3384 existentem

198 3425 285 3490 nulla
308 3425 437 3489 adiectio
460 3423 554 3487 maris
577 3444 728 3506 aquarum
750 3429 886 3507 apparet.
932 3422 969 3487 de
992 3444 1114 3487 accessu
1137 3444 1191 3507 per
1205 3423 1345 3487 Rubrum
1361 3445 1446 3490 mare

199 3533 230 3593 ot
252 3549 387 3605 recessu,
415 3533 447 3591 et
469 3546 523 3610 per
545 3525 728 3588 exteriorem
751 3525 908 3589 Oceanum
930 3525 1044 3589 talibus
1065 3526 1154 3589 sactis
1175 3525 1368 3610 passionibus
1395 3528 1446 3592 uel

198 3630 230 3693 in
254 3630 322 3694 aliis
344 3630 439 3694 maris
462 3627 558 3692 nostri
579 3627 731 3711 partibus,
761 3628 862 3691 multa
888 3628 1013 3712 quidem
1035 3627 1209 3692 differenter
1231 3629 1313 3692 dicta
1334 3637 1447 3694 sunta

199 3733 369 3798 ueteribus:
403 3731 457 3815 qui
484 3737 588 3793 autem
615 3729 762 3794 uidentur
786 3751 826 3823 ex
853 3730 997 3794 omnibus
1024 3730 1180 3814 collegisse
1203 3730 1274 3794 talis
1296 3731 1446 3815 passionis

157 3852 184 3896 ao
199 3856 316 3913 causas,
339 3834 460 3899 Stoicus
484 3838 529 3896 est
543 3831 725 3895 Posidonius
740 3831 885 3915 Assyrius
907 3839 939 3897 et
961 3833 989 3896 ei
1008 3833 1245 3915 consentientes,
1268 3854 1400 3917 quorum
1416 3842 1447 3898 et

199 3938 348 4005 Arrianus
371 3934 523 4020 approbat
543 3933 740 3998 seutentiam.
785 3934 893 3998 dicunt
919 3934 1002 3998 euim
1024 3935 1143 3999 moueri
1166 3935 1350 3999 exteriorem
1372 3936 1445 4001 Oce·
1459 3953 1487 3995 eo

199 4062 294 4105 anum
317 4038 356 4103 ad
376 4039 470 4103 lunae
493 4036 661 4116 ambitum,
689 4037 824 4121 compati
844 4057 919 4101 uero
942 4037 1071 4101 interius
1092 4058 1192 4101 mare:
1221 4036 1309 4101 iuxta
1330 4038 1445 4103 colum-

143 4262 178 4315 30
196 4261 229 4315 el.
247 4259 383 4313 Posidonii
400 4258 447 4310 rel.
465 4257 614 4326 p.103sqq.
633 4258 673 4310 ed.
691 4257 772 4322 Bake,
790 4257 895 4310 llueller
914 4257 943 4309 F.
954 4259 985 4311 Η.
995 4257 1053 4312 (1.3
1073 4258 1222 4328 p.‚‘29lsqq.

143 4467 159 4521 5
187 4481 246 4519 cum
264 4483 309 4517 om.
330 4465 365 4516 0ι
488 4464 504 4517 6
532 4465 657 4533 deligenti
678 4466 700 4516 0
827 4464 844 4517 8
866 4477 925 4534 pest
943 4465 1020 4517 otiam
1039 4483 1089 4516 una
1107 4465 1178 4516 litere
1196 4484 1261 4517 erus.
1282 4466 1305 4516 G
1325 4465 1496 4535 (compendium

142 4569 189 4623 pro
208 4555 323 4604 Duebner
340 4552 412 4618 vidit)
518 4551 765 4621 intelligentiarum]
785 4552 1000 4621 -telligentiarum
1022 4552 1057 4603 θ’
1075 4555 1098 4603 in
1117 4572 1168 4604 ras.
1265 4553 1324 4606 liet
1343 4565 1398 4604 ante
1416 4569 1496 4620 aqua-

142 4658 199 4694 rum
223 4641 282 4691 add.
300 4638 417 4690 Duebner
543 4639 574 4691 12
601 4638 742 4708 armorum]
765 4637 851 4692 ὅπλων
873 4652 895 4689 et
914 4637 984 4691 ὀπῶν
1007 4642 1109 4706 confusa
1134 4658 1188 4690 ease
1213 4658 1279 4705 susp.
1301 4641 1427 4700 lluebner,
1452 4639 1499 4689 scd

143 4726 231 4781 ἁπλῶν
249 4729 274 4778 in
290 4728 388 4793 graecis
399 4727 485 4793 faisse
504 4738 629 4778 contextus
647 4728 699 4796 ipse
717 4727 785 4777 decet
884 4725 915 4777 16
934 4725 1065 4778 adducens
1086 4727 1135 4778 6¹:
1154 4727 1252 4779 addens
1273 4726 1309 4776 0²
1405 4726 1439 4779 ‘20
1457 4730 1497 4780 est

134 4816 245 4885 ‚quidem
264 4813 321 4883 etc]
342 4832 431 4881 praece
448 4817 512 4881 fort.
535 4812 586 4865 lert
609 4814 654 4882 pie
675 4811 717 4865 ὅτε
739 4813 894 4885 πλημμυρεῖ,
919 4813 970 4865 ἔστι
994 4811 1018 4864 δ’
1040 4810 1082 4866 ὅτε
1104 4813 1221 4883 ἄμπωτιν
1244 4812 1383 4883 ἐπιδέχεται

143 4902 174 4956 27
195 4918 334 4956 occeanum
356 4900 468 4955 OGHM
482 4904 515 4966 (ee
533 4903 571 4952 sie
587 4899 685 4968 ubique)
791 4901 826 4955 30
843 4899 1042 4970 pasidoniusG
1147 4900 1255 4954 assirius
1276 4899 1387 4953 CGHM
