<?xml version="1.0" encoding="UTF-8"?>
<!DOCTYPE html PUBLIC "-//W3C//DTD XHTML 1.0 Transitional//EN"
    "http://www.w3.org/TR/xhtml1/DTD/xhtml1-transitional.dtd">
<html xmlns="http://www.w3.org/1999/xhtml" xml:lang="en" lang="en">
 <head>
  <title>
</title>
<meta http-equiv="Content-Type" content="text/html;charset=utf-8" />
  <meta name='ocr-system' content='tesseract 3.04.00' />
  <meta name='ocr-capabilities' content='ocr_page ocr_carea ocr_par ocr_line ocrx_word'/>
</head>
<body>
  <div class='ocr_page' id='page_1' title='image "./supplementumari01arisgoog_0020.png"; bbox 0 0 3510 5610; ppageno 0'>
   <div class='ocr_carea' id='block_1_1' title="bbox 756 341 1524 396">
    <p class='ocr_par' dir='ltr' id='par_1_1' title="bbox 756 341 1524 396">
     <span class='ocr_line' id='line_1_1' title="bbox 756 341 1524 396; baseline -0.007 -1"><span class='ocrx_word' id='word_1_1' title='bbox 756 341 950 396; x_wconf 72' lang='lat' dir='ltr'>PRAEFATIO</span> <span class='ocrx_word' id='word_1_2' title='bbox 1475 353 1524 391; x_wconf 81' lang='lat' dir='ltr'><strong>xm</strong></span> 
     </span>
    </p>
   </div>
   <div class='ocr_carea' id='block_1_2' title="bbox 168 513 1559 1313">
    <p class='ocr_par' dir='ltr' id='par_1_2' title="bbox 168 513 1559 1313">
     <span class='ocr_line' id='line_1_2' title="bbox 169 513 1525 600; baseline -0.004 -18"><span class='ocrx_word' id='word_1_3' title='bbox 169 513 312 600; x_wconf 84' lang='lat' dir='ltr'><strong>Oppiani</strong></span> <span class='ocrx_word' id='word_1_4' title='bbox 332 535 398 580; x_wconf 93' lang='lat' dir='ltr'><strong>uon</strong></span> <span class='ocrx_word' id='word_1_5' title='bbox 413 513 515 578; x_wconf 91' lang='lat' dir='ltr'><strong>solum</strong></span> <span class='ocrx_word' id='word_1_6' title='bbox 531 523 754 597; x_wconf 79' lang='lat' dir='ltr'>argumentum</span> <span class='ocrx_word' id='word_1_7' title='bbox 770 516 826 580; x_wconf 90' lang='lat' dir='ltr'><strong>sed</strong></span> <span class='ocrx_word' id='word_1_8' title='bbox 843 515 940 581; x_wconf 89' lang='lat' dir='ltr'><strong>etiam</strong></span> <span class='ocrx_word' id='word_1_9' title='bbox 956 514 1089 579; x_wconf 88' lang='lat' dir='ltr'><strong>formam</strong></span> <span class='ocrx_word' id='word_1_10' title='bbox 1107 517 1304 597; x_wconf 78' lang='lat' dir='ltr'>expressisse</span> <span class='ocrx_word' id='word_1_11' title='bbox 1319 513 1525 597; x_wconf 89' lang='lat' dir='ltr'><strong>suspicemur.</strong></span> 
     </span>
     <span class='ocr_line' id='line_1_3' title="bbox 169 630 1525 718; baseline -0.005 -17"><span class='ocrx_word' id='word_1_12' title='bbox 169 643 204 701; x_wconf 88' lang='lat' dir='ltr'><strong>ct</strong></span> <span class='ocrx_word' id='word_1_13' title='bbox 218 636 253 699; x_wconf 93' lang='lat' dir='ltr'><strong>in</strong></span> <span class='ocrx_word' id='word_1_14' title='bbox 268 634 364 700; x_wconf 87' lang='lat' dir='ltr'><strong>rebus</strong></span> <span class='ocrx_word' id='word_1_15' title='bbox 376 632 504 716; x_wconf 89' lang='lat' dir='ltr'><strong>quidem</strong></span> <span class='ocrx_word' id='word_1_16' title='bbox 511 631 650 718; x_wconf 90' lang='lat' dir='ltr'><strong>Oppiani</strong></span> <span class='ocrx_word' id='word_1_17' title='bbox 663 633 798 698; x_wconf 78' lang='lat' dir='ltr'><strong>imitatio</strong></span> <span class='ocrx_word' id='word_1_18' title='bbox 812 636 907 700; x_wconf 88' lang='lat' dir='ltr'><strong>certis</strong></span> <span class='ocrx_word' id='word_1_19' title='bbox 922 634 1078 717; x_wconf 86' lang='lat' dir='ltr'><strong>exemplis</strong></span> <span class='ocrx_word' id='word_1_20' title='bbox 1090 633 1237 700; x_wconf 90' lang='lat' dir='ltr'><strong>cernitur.</strong></span> <span class='ocrx_word' id='word_1_21' title='bbox 1254 633 1312 698; x_wconf 95' lang='lat' dir='ltr'><strong>sed</strong></span> <span class='ocrx_word' id='word_1_22' title='bbox 1323 633 1356 697; x_wconf 93' lang='lat' dir='ltr'><strong>in</strong></span> <span class='ocrx_word' id='word_1_23' title='bbox 1369 632 1420 697; x_wconf 91' lang='lat' dir='ltr'><strong>his</strong></span> <span class='ocrx_word' id='word_1_24' title='bbox 1429 630 1525 695; x_wconf 84' lang='lat' dir='ltr'><strong>Athoi</strong></span> 
     </span>
     <span class='ocr_line' id='line_1_4' title="bbox 168 751 1527 837; baseline -0.002 -19"><span class='ocrx_word' id='word_1_25' title='bbox 168 753 314 836; x_wconf 87' lang='lat' dir='ltr'><strong>reliqniis</strong></span> <span class='ocrx_word' id='word_1_26' title='bbox 329 774 434 837; x_wconf 88' lang='lat' dir='ltr'><strong>neque</strong></span> <span class='ocrx_word' id='word_1_27' title='bbox 450 754 622 836; x_wconf 91' lang='lat' dir='ltr'><strong>quidquam</strong></span> <span class='ocrx_word' id='word_1_28' title='bbox 638 753 797 835; x_wconf 82' lang='lat' dir='ltr'><strong>genuinae</strong></span> <span class='ocrx_word' id='word_1_29' title='bbox 812 753 934 819; x_wconf 85' lang='lat' dir='ltr'><strong>formae</strong></span> <span class='ocrx_word' id='word_1_30' title='bbox 950 753 1093 819; x_wconf 91' lang='lat' dir='ltr'><strong>relictum</strong></span> <span class='ocrx_word' id='word_1_31' title='bbox 1110 762 1159 819; x_wconf 88' lang='lat' dir='ltr'><strong>est</strong></span> <span class='ocrx_word' id='word_1_32' title='bbox 1174 760 1303 837; x_wconf 90' lang='lat' dir='ltr'><strong>praeter</strong></span> <span class='ocrx_word' id='word_1_33' title='bbox 1318 751 1418 817; x_wconf 88' lang='lat' dir='ltr'><strong>verba</strong></span> <span class='ocrx_word' id='word_1_34' title='bbox 1432 768 1527 833; x_wconf 87' lang='lat' dir='ltr'><strong>quae-</strong></span> 
     </span>
     <span class='ocr_line' id='line_1_5' title="bbox 169 868 1559 958; baseline -0.005 -20"><span class='ocrx_word' id='word_1_35' title='bbox 169 873 247 938; x_wconf 87' lang='lat' dir='ltr'><strong>dam</strong></span> <span class='ocrx_word' id='word_1_36' title='bbox 271 874 398 958; x_wconf 88' lang='lat' dir='ltr'><strong>poetica</strong></span> <span class='ocrx_word' id='word_1_37' title='bbox 425 883 458 941; x_wconf 93' lang='lat' dir='ltr'><strong>et</strong></span> <span class='ocrx_word' id='word_1_38' title='bbox 483 875 582 939; x_wconf 91' lang='lat' dir='ltr'><strong>multo</strong></span> <span class='ocrx_word' id='word_1_39' title='bbox 611 873 728 938; x_wconf 91' lang='lat' dir='ltr'><strong>clarius</strong></span> <span class='ocrx_word' id='word_1_40' title='bbox 750 873 874 938; x_wconf 84' lang='lat' dir='ltr'><strong>Aeliani</strong></span> <span class='ocrx_word' id='word_1_41' title='bbox 903 875 1066 956; x_wconf 80' lang='lat' dir='ltr'><strong>exeroplar</strong></span> <span class='ocrx_word' id='word_1_42' title='bbox 1088 873 1288 956; x_wconf 80' lang='lat' dir='ltr'><strong>agnoscitur3</strong></span> <span class='ocrx_word' id='word_1_43' title='bbox 1317 878 1417 937; x_wconf 92' lang='lat' dir='ltr'><strong>totum</strong></span> <span class='ocrx_word' id='word_1_44' title='bbox 1441 868 1525 934; x_wconf 91' lang='lat' dir='ltr'><strong>enim</strong></span> <span class='ocrx_word' id='word_1_45' title='bbox 1555 888 1559 893; x_wconf 85' lang='lat'>·</span> 
     </span>
     <span class='ocr_line' id='line_1_6' title="bbox 170 987 1527 1076; baseline -0.004 -19"><span class='ocrx_word' id='word_1_46' title='bbox 170 992 353 1076; x_wconf 73' lang='lat' dir='ltr'><strong>scriptionis</strong></span> <span class='ocrx_word' id='word_1_47' title='bbox 376 993 541 1058; x_wconf 91' lang='lat' dir='ltr'><strong>consilium</strong></span> <span class='ocrx_word' id='word_1_48' title='bbox 564 993 596 1056; x_wconf 94' lang='lat' dir='ltr'><strong>in</strong></span> <span class='ocrx_word' id='word_1_49' title='bbox 620 1012 659 1057; x_wconf 93' lang='lat' dir='ltr'><strong>eo</strong></span> <span class='ocrx_word' id='word_1_50' title='bbox 683 991 820 1076; x_wconf 88' lang='lat' dir='ltr'><strong>positum</strong></span> <span class='ocrx_word' id='word_1_51' title='bbox 844 999 903 1075; x_wconf 85' lang='lat' dir='ltr'><strong>est,</strong></span> <span class='ocrx_word' id='word_1_52' title='bbox 925 999 959 1056; x_wconf 90' lang='lat' dir='ltr'><strong>ut</strong></span> <span class='ocrx_word' id='word_1_53' title='bbox 982 994 1108 1059; x_wconf 79' lang='lat' dir='ltr'><strong>Aeliani</strong></span> <span class='ocrx_word' id='word_1_54' title='bbox 1132 1013 1220 1059; x_wconf 91' lang='lat' dir='ltr'><strong>more</strong></span> <span class='ocrx_word' id='word_1_55' title='bbox 1243 1011 1283 1056; x_wconf 86' lang='lat' dir='ltr'><strong>ex</strong></span> <span class='ocrx_word' id='word_1_56' title='bbox 1305 989 1439 1055; x_wconf 88' lang='lat' dir='ltr'><strong>historia</strong></span> <span class='ocrx_word' id='word_1_57' title='bbox 1460 987 1527 1053; x_wconf 89' lang='lat' dir='ltr'><strong>ani·</strong></span> 
     </span>
     <span class='ocr_line' id='line_1_7' title="bbox 170 1106 1526 1196; baseline -0.004 -20"><span class='ocrx_word' id='word_1_58' title='bbox 170 1112 302 1178; x_wconf 83' lang='lat' dir='ltr'><strong>mulium</strong></span> <span class='ocrx_word' id='word_1_59' title='bbox 330 1111 691 1196; x_wconf 83' lang='lat' dir='ltr'><strong>paradorographorum</strong></span> <span class='ocrx_word' id='word_1_60' title='bbox 717 1111 859 1194; x_wconf 84' lang='lat' dir='ltr'><strong>ineptiae</strong></span> <span class='ocrx_word' id='word_1_61' title='bbox 888 1112 1110 1196; x_wconf 85' lang='lat' dir='ltr'><strong>decerpuntur.</strong></span> <span class='ocrx_word' id='word_1_62' title='bbox 1160 1112 1233 1176; x_wconf 90' lang='lat' dir='ltr'><strong>hinc</strong></span> <span class='ocrx_word' id='word_1_63' title='bbox 1259 1109 1406 1174; x_wconf 87' lang='lat' dir='ltr'><strong>dubitare</strong></span> <span class='ocrx_word' id='word_1_64' title='bbox 1432 1106 1526 1190; x_wconf 83' lang='lat' dir='ltr'><strong>subit,</strong></span> 
     </span>
     <span class='ocr_line' id='line_1_8' title="bbox 172 1229 1525 1313; baseline -0.006 -17"><span class='ocrx_word' id='word_1_65' title='bbox 172 1231 294 1296; x_wconf 90' lang='lat' dir='ltr'><strong>Suidae</strong></span> <span class='ocrx_word' id='word_1_66' title='bbox 316 1249 445 1296; x_wconf 85' lang='lat' dir='ltr'><strong>carmen</strong></span> <span class='ocrx_word' id='word_1_67' title='bbox 467 1250 543 1294; x_wconf 92' lang='lat' dir='ltr'><strong>num</strong></span> <span class='ocrx_word' id='word_1_68' title='bbox 561 1229 688 1293; x_wconf 92' lang='lat' dir='ltr'><strong>omnino</strong></span> <span class='ocrx_word' id='word_1_69' title='bbox 706 1237 889 1313; x_wconf 85' lang='lat' dir='ltr'><strong>excerptum</strong></span> <span class='ocrx_word' id='word_1_70' title='bbox 906 1230 947 1294; x_wconf 91' lang='lat' dir='ltr'><strong>sit</strong></span> <span class='ocrx_word' id='word_1_71' title='bbox 969 1250 990 1293; x_wconf 92' lang='lat' dir='ltr'><strong>a</strong></span> <span class='ocrx_word' id='word_1_72' title='bbox 1005 1230 1206 1296; x_wconf 82' lang='lat' dir='ltr'><strong>Constantini</strong></span> <span class='ocrx_word' id='word_1_73' title='bbox 1223 1235 1421 1312; x_wconf 86' lang='lat' dir='ltr'><strong>excerptore.</strong></span> <span class='ocrx_word' id='word_1_74' title='bbox 1451 1245 1525 1289; x_wconf 90' lang='lat' dir='ltr'><strong>nam</strong></span> 
     </span>
    </p>
   </div>
   <div class='ocr_carea' id='block_1_3' title="bbox 171 1346 1526 1434">
    <p class='ocr_par' dir='ltr' id='par_1_3' title="bbox 171 1346 1526 1434">
     <span class='ocr_line' id='line_1_9' title="bbox 171 1346 1526 1434; baseline -0.005 -20"><span class='ocrx_word' id='word_1_75' title='bbox 171 1350 205 1414; x_wconf 89' lang='lat' dir='ltr'><strong>in</strong></span> <span class='ocrx_word' id='word_1_76' title='bbox 221 1349 307 1414; x_wconf 90' lang='lat' dir='ltr'><strong>illius</strong></span> <span class='ocrx_word' id='word_1_77' title='bbox 319 1350 413 1414; x_wconf 87' lang='lat' dir='ltr'><strong>titulo</strong></span> <span class='ocrx_word' id='word_1_78' title='bbox 428 1351 493 1433; x_wconf 84' lang='grc' dir='ltr'>περὶ</span> <span class='ocrx_word' id='word_1_79' title='bbox 505 1346 590 1434; x_wconf 76' lang='grc' dir='ltr'>ζῴων</span> <span class='ocrx_word' id='word_1_80' title='bbox 603 1349 785 1433; x_wconf 81' lang='grc' dir='ltr'>τετραπόδων</span> <span class='ocrx_word' id='word_1_81' title='bbox 800 1354 857 1411; x_wconf 85' lang='grc' dir='ltr'><strong>τῶν</strong></span> <span class='ocrx_word' id='word_1_82' title='bbox 874 1347 936 1434; x_wconf 82' lang='grc' dir='ltr'>παρ’</span> <span class='ocrx_word' id='word_1_83' title='bbox 951 1348 1047 1419; x_wconf 84' lang='grc' dir='ltr'>Ἰνδοῖς</span> <span class='ocrx_word' id='word_1_84' title='bbox 1059 1352 1106 1413; x_wconf 84' lang='grc' dir='ltr'><strong>καὶ</strong></span> <span class='ocrx_word' id='word_1_85' title='bbox 1116 1348 1225 1434; x_wconf 76' lang='grc' dir='ltr'>Ἀραψι</span> <span class='ocrx_word' id='word_1_86' title='bbox 1240 1351 1288 1412; x_wconf 81' lang='grc' dir='ltr'><strong>καὶ</strong></span> <span class='ocrx_word' id='word_1_87' title='bbox 1300 1347 1464 1430; x_wconf 77' lang='grc' dir='ltr'>Αἰγυπτίοις</span> <span class='ocrx_word' id='word_1_88' title='bbox 1479 1346 1526 1408; x_wconf 81' lang='grc' dir='ltr'><strong>καὶ</strong></span> 
     </span>
    </p>
   </div>
   <div class='ocr_carea' id='block_1_4' title="bbox 169 1467 1712 3223">
    <p class='ocr_par' dir='ltr' id='par_1_4' title="bbox 169 1467 1712 3223">
     <span class='ocr_line' id='line_1_10' title="bbox 170 1467 1526 1554; baseline -0.003 -21"><span class='ocrx_word' id='word_1_89' title='bbox 170 1469 228 1534; x_wconf 73' lang='grc' dir='ltr'><strong>ὅσα</strong></span> <span class='ocrx_word' id='word_1_90' title='bbox 240 1469 336 1553; x_wconf 76' lang='grc' dir='ltr'>τρέφει</span> <span class='ocrx_word' id='word_1_91' title='bbox 349 1469 442 1554; x_wconf 76' lang='grc' dir='ltr'>Λιβύη</span> <span class='ocrx_word' id='word_1_92' title='bbox 458 1471 506 1531; x_wconf 82' lang='grc' dir='ltr'><strong>καὶ</strong></span> <span class='ocrx_word' id='word_1_93' title='bbox 521 1471 585 1552; x_wconf 81' lang='grc' dir='ltr'>περὶ</span> <span class='ocrx_word' id='word_1_94' title='bbox 601 1469 708 1552; x_wconf 76' lang='grc' dir='ltr'>ὀρνέων</span> <span class='ocrx_word' id='word_1_95' title='bbox 725 1467 811 1536; x_wconf 76' lang='grc' dir='ltr'>ξένων</span> <span class='ocrx_word' id='word_1_96' title='bbox 824 1492 854 1531; x_wconf 89' lang='grc' dir='ltr'><strong>τε</strong></span> <span class='ocrx_word' id='word_1_97' title='bbox 868 1470 916 1531; x_wconf 82' lang='grc' dir='ltr'><strong>καὶ</strong></span> <span class='ocrx_word' id='word_1_98' title='bbox 932 1471 1098 1534; x_wconf 81' lang='grc' dir='ltr'>ἀλλοκότων</span> <span class='ocrx_word' id='word_1_99' title='bbox 1113 1472 1161 1535; x_wconf 89' lang='grc' dir='ltr'><strong>καὶ</strong></span> <span class='ocrx_word' id='word_1_100' title='bbox 1178 1467 1273 1554; x_wconf 82' lang='grc' dir='ltr'>ὄφεων</span> <span class='ocrx_word' id='word_1_101' title='bbox 1290 1488 1360 1532; x_wconf 91' lang='lat' dir='ltr'><strong>cum</strong></span> <span class='ocrx_word' id='word_1_102' title='bbox 1377 1485 1526 1531; x_wconf 83' lang='lat' dir='ltr'><strong>numerus</strong></span> 
     </span>
     <span class='ocr_line' id='line_1_11' title="bbox 170 1583 1528 1673; baseline -0.006 -19"><span class='ocrx_word' id='word_1_103' title='bbox 170 1588 358 1654; x_wconf 87' lang='lat' dir='ltr'><strong>animalium</strong></span> <span class='ocrx_word' id='word_1_104' title='bbox 375 1587 606 1670; x_wconf 88' lang='lat' dir='ltr'><strong>descriptorum</strong></span> <span class='ocrx_word' id='word_1_105' title='bbox 626 1586 767 1652; x_wconf 89' lang='lat' dir='ltr'><strong>externis</strong></span> <span class='ocrx_word' id='word_1_106' title='bbox 787 1589 941 1653; x_wconf 80' lang='lat' dir='ltr'><strong>contineri</strong></span> <span class='ocrx_word' id='word_1_107' title='bbox 960 1590 1118 1673; x_wconf 85' lang='lat' dir='ltr'><strong>videatur,</strong></span> <span class='ocrx_word' id='word_1_108' title='bbox 1140 1589 1221 1655; x_wconf 90' lang='lat' dir='ltr'><strong>haee</strong></span> <span class='ocrx_word' id='word_1_109' title='bbox 1242 1585 1404 1669; x_wconf 84' lang='lat' dir='ltr'><strong>excerptio</strong></span> <span class='ocrx_word' id='word_1_110' title='bbox 1421 1583 1528 1648; x_wconf 87' lang='lat' dir='ltr'><strong>simili·</strong></span> 
     </span>
     <span class='ocr_line' id='line_1_12' title="bbox 175 1702 1527 1792; baseline -0.004 -20"><span class='ocrx_word' id='word_1_111' title='bbox 175 1715 287 1790; x_wconf 86' lang='lat' dir='ltr'><strong>terque</strong></span> <span class='ocrx_word' id='word_1_112' title='bbox 309 1706 429 1772; x_wconf 89' lang='lat' dir='ltr'><strong>codicis</strong></span> <span class='ocrx_word' id='word_1_113' title='bbox 446 1706 625 1787; x_wconf 83' lang='lat' dir='ltr'><strong>Augustani</strong></span> <span class='ocrx_word' id='word_1_114' title='bbox 649 1706 745 1770; x_wconf 90' lang='lat' dir='ltr'><strong>etiam</strong></span> <span class='ocrx_word' id='word_1_115' title='bbox 768 1708 937 1790; x_wconf 85' lang='lat' dir='ltr'><strong>indigenas</strong></span> <span class='ocrx_word' id='word_1_116' title='bbox 959 1718 1056 1792; x_wconf 90' lang='lat' dir='ltr'><strong>atque</strong></span> <span class='ocrx_word' id='word_1_117' title='bbox 1078 1710 1160 1776; x_wconf 89' lang='lat' dir='ltr'><strong>adeo</strong></span> <span class='ocrx_word' id='word_1_118' title='bbox 1176 1706 1352 1772; x_wconf 88' lang='lat' dir='ltr'><strong>domestica</strong></span> <span class='ocrx_word' id='word_1_119' title='bbox 1374 1702 1527 1769; x_wconf 90' lang='lat' dir='ltr'><strong>animalia</strong></span> 
     </span>
     <span class='ocr_line' id='line_1_13' title="bbox 170 1821 1526 1908; baseline -0.004 -17"><span class='ocrx_word' id='word_1_120' title='bbox 170 1828 204 1891; x_wconf 91' lang='lat' dir='ltr'><strong>in</strong></span> <span class='ocrx_word' id='word_1_121' title='bbox 228 1846 358 1892; x_wconf 88' lang='lat' dir='ltr'><strong>censum</strong></span> <span class='ocrx_word' id='word_1_122' title='bbox 381 1833 484 1890; x_wconf 88' lang='lat' dir='ltr'><strong>vocat.</strong></span> <span class='ocrx_word' id='word_1_123' title='bbox 522 1825 727 1889; x_wconf 85' lang='lat' dir='ltr'><strong>nihilominus</strong></span> <span class='ocrx_word' id='word_1_124' title='bbox 751 1825 775 1888; x_wconf 87' lang='lat' dir='ltr'><strong>si</strong></span> <span class='ocrx_word' id='word_1_125' title='bbox 799 1827 870 1908; x_wconf 82' lang='lat' dir='ltr'><strong>qttis</strong></span> <span class='ocrx_word' id='word_1_126' title='bbox 892 1828 933 1894; x_wconf 91' lang='lat' dir='ltr'><strong>de</strong></span> <span class='ocrx_word' id='word_1_127' title='bbox 955 1828 1080 1893; x_wconf 87' lang='lat' dir='ltr'><strong>duobus</strong></span> <span class='ocrx_word' id='word_1_128' title='bbox 1096 1827 1256 1894; x_wconf 84' lang='lat' dir='ltr'><strong>Timothei</strong></span> <span class='ocrx_word' id='word_1_129' title='bbox 1278 1827 1319 1892; x_wconf 89' lang='lat' dir='ltr'><strong>de</strong></span> <span class='ocrx_word' id='word_1_130' title='bbox 1341 1821 1526 1889; x_wconf 89' lang='lat' dir='ltr'><strong>animalium</strong></span> 
     </span>
     <span class='ocr_line' id='line_1_14' title="bbox 169 1943 1527 2031; baseline -0.002 -21"><span class='ocrx_word' id='word_1_131' title='bbox 169 1952 288 2010; x_wconf 84' lang='lat' dir='ltr'><strong>natura</strong></span> <span class='ocrx_word' id='word_1_132' title='bbox 310 1944 398 2008; x_wconf 88' lang='lat' dir='ltr'><strong>libris</strong></span> <span class='ocrx_word' id='word_1_133' title='bbox 427 1943 567 2026; x_wconf 88' lang='lat' dir='ltr'><strong>pedestri</strong></span> <span class='ocrx_word' id='word_1_134' title='bbox 590 1945 702 2028; x_wconf 89' lang='lat' dir='ltr'><strong>altero,</strong></span> <span class='ocrx_word' id='word_1_135' title='bbox 735 1947 837 2010; x_wconf 90' lang='lat' dir='ltr'><strong>altero</strong></span> <span class='ocrx_word' id='word_1_136' title='bbox 868 1948 995 2029; x_wconf 86' lang='lat' dir='ltr'><strong>poetico</strong></span> <span class='ocrx_word' id='word_1_137' title='bbox 1019 1948 1136 2031; x_wconf 83' lang='lat' dir='ltr'><strong>cogitet</strong></span> <span class='ocrx_word' id='word_1_138' title='bbox 1167 1948 1254 2013; x_wconf 88' lang='lat' dir='ltr'><strong>haud</strong></span> <span class='ocrx_word' id='word_1_139' title='bbox 1280 1947 1346 2010; x_wconf 89' lang='lat' dir='ltr'><strong>seio</strong></span> <span class='ocrx_word' id='word_1_140' title='bbox 1367 1964 1410 2008; x_wconf 93' lang='lat' dir='ltr'><strong>an</strong></span> <span class='ocrx_word' id='word_1_141' title='bbox 1433 1949 1527 2008; x_wconf 87' lang='lat' dir='ltr'><strong>erret.</strong></span> 
     </span>
     <span class='ocr_line' id='line_1_15' title="bbox 169 2059 1527 2149; baseline -0.004 -19"><span class='ocrx_word' id='word_1_142' title='bbox 169 2084 246 2130; x_wconf 84' lang='lat' dir='ltr'><strong>nam</strong></span> <span class='ocrx_word' id='word_1_143' title='bbox 255 2063 388 2129; x_wconf 90' lang='lat' dir='ltr'><strong>Suidam</strong></span> <span class='ocrx_word' id='word_1_144' title='bbox 403 2063 542 2128; x_wconf 84' lang='lat' dir='ltr'><strong>maxime</strong></span> <span class='ocrx_word' id='word_1_145' title='bbox 557 2063 695 2145; x_wconf 82' lang='lat' dir='ltr'><strong>insignia</strong></span> <span class='ocrx_word' id='word_1_146' title='bbox 711 2063 803 2128; x_wconf 91' lang='lat' dir='ltr'><strong>titulo</strong></span> <span class='ocrx_word' id='word_1_147' title='bbox 819 2085 877 2130; x_wconf 91' lang='lat' dir='ltr'><strong>suo</strong></span> <span class='ocrx_word' id='word_1_148' title='bbox 893 2067 1165 2149; x_wconf 89' lang='lat' dir='ltr'><strong>conprehendisse</strong></span> <span class='ocrx_word' id='word_1_149' title='bbox 1180 2066 1275 2131; x_wconf 84' lang='lat' dir='ltr'><strong>facile</strong></span> <span class='ocrx_word' id='word_1_150' title='bbox 1292 2059 1527 2146; x_wconf 81' lang='lat' dir='ltr'><strong>intellegitur.¹)</strong></span> 
     </span>
     <span class='ocr_line' id='line_1_16' title="bbox 250 2181 1528 2265; baseline -0.002 -17"><span class='ocrx_word' id='word_1_151' title='bbox 250 2181 619 2265; x_wconf 81' lang='lat' dir='ltr'><strong>Fragmental&#39;imothei‚</strong></span> <span class='ocrx_word' id='word_1_152' title='bbox 632 2201 715 2263; x_wconf 89' lang='lat' dir='ltr'><strong>quae</strong></span> <span class='ocrx_word' id='word_1_153' title='bbox 725 2182 758 2246; x_wconf 94' lang='lat' dir='ltr'><strong>in</strong></span> <span class='ocrx_word' id='word_1_154' title='bbox 772 2181 885 2245; x_wconf 88' lang='lat' dir='ltr'><strong>librum</strong></span> <span class='ocrx_word' id='word_1_155' title='bbox 895 2185 1093 2250; x_wconf 89' lang='lat' dir='ltr'><strong>collectionis</strong></span> <span class='ocrx_word' id='word_1_156' title='bbox 1104 2185 1279 2251; x_wconf 90' lang='lat' dir='ltr'><strong>secundum</strong></span> <span class='ocrx_word' id='word_1_157' title='bbox 1292 2188 1528 2265; x_wconf 81' lang='lat' dir='ltr'><strong>congestasunt</strong></span> 
     </span>
     <span class='ocr_line' id='line_1_17' title="bbox 171 2301 1525 2385; baseline -0.005 -15"><span class='ocrx_word' id='word_1_158' title='bbox 171 2323 214 2370; x_wconf 86' lang='lat' dir='ltr'><strong>ea</strong></span> <span class='ocrx_word' id='word_1_159' title='bbox 224 2302 292 2369; x_wconf 82' lang='lat' dir='ltr'><strong>tere</strong></span> <span class='ocrx_word' id='word_1_160' title='bbox 303 2309 451 2385; x_wconf 89' lang='lat' dir='ltr'><strong>spectare</strong></span> <span class='ocrx_word' id='word_1_161' title='bbox 463 2301 567 2366; x_wconf 88' lang='lat' dir='ltr'><strong>solent</strong></span> <span class='ocrx_word' id='word_1_162' title='bbox 580 2301 696 2383; x_wconf 85' lang='lat' dir='ltr'><strong>capita,</strong></span> <span class='ocrx_word' id='word_1_163' title='bbox 708 2321 840 2383; x_wconf 88' lang='lat' dir='ltr'><strong>quorum</strong></span> <span class='ocrx_word' id='word_1_164' title='bbox 854 2313 1043 2384; x_wconf 81' lang='lat' dir='ltr'><strong>argumenta</strong></span> <span class='ocrx_word' id='word_1_165' title='bbox 1055 2304 1260 2369; x_wconf 83' lang='lat' dir='ltr'><strong>innotuerant</strong></span> <span class='ocrx_word' id='word_1_166' title='bbox 1276 2322 1316 2367; x_wconf 83' lang='lat' dir='ltr'><strong>ex</strong></span> <span class='ocrx_word' id='word_1_167' title='bbox 1329 2304 1525 2382; x_wconf 84' lang='lat' dir='ltr'><strong>Augustano.</strong></span> 
     </span>
     <span class='ocr_line' id='line_1_18' title="bbox 170 2420 1526 2504; baseline -0.002 -17"><span class='ocrx_word' id='word_1_168' title='bbox 170 2422 232 2487; x_wconf 87' lang='lat' dir='ltr'><strong>sed</strong></span> <span class='ocrx_word' id='word_1_169' title='bbox 247 2441 317 2486; x_wconf 92' lang='lat' dir='ltr'><strong>cum</strong></span> <span class='ocrx_word' id='word_1_170' title='bbox 335 2429 413 2484; x_wconf 88' lang='lat' dir='ltr'><strong>nota</strong></span> <span class='ocrx_word' id='word_1_171' title='bbox 428 2420 526 2484; x_wconf 88' lang='lat' dir='ltr'><strong>multo</strong></span> <span class='ocrx_word' id='word_1_172' title='bbox 540 2420 667 2485; x_wconf 92' lang='lat' dir='ltr'><strong>uberius</strong></span> <span class='ocrx_word' id='word_1_173' title='bbox 682 2428 820 2484; x_wconf 88' lang='lat' dir='ltr'><strong>tractata</strong></span> <span class='ocrx_word' id='word_1_174' title='bbox 831 2430 990 2504; x_wconf 86' lang='lat' dir='ltr'><strong>apparent</strong></span> <span class='ocrx_word' id='word_1_175' title='bbox 1005 2423 1036 2487; x_wconf 94' lang='lat' dir='ltr'><strong>in</strong></span> <span class='ocrx_word' id='word_1_176' title='bbox 1054 2423 1159 2488; x_wconf 87' lang='lat' dir='ltr'><strong>Athoo</strong></span> <span class='ocrx_word' id='word_1_177' title='bbox 1169 2422 1191 2501; x_wconf 87' lang='lat'><strong>²)</strong></span> <span class='ocrx_word' id='word_1_178' title='bbox 1205 2431 1271 2487; x_wconf 90' lang='lat' dir='ltr'><strong>tum</strong></span> <span class='ocrx_word' id='word_1_179' title='bbox 1288 2439 1373 2486; x_wconf 87' lang='lat' dir='ltr'><strong>nova</strong></span> <span class='ocrx_word' id='word_1_180' title='bbox 1385 2438 1526 2484; x_wconf 82' lang='lat' dir='ltr'><strong>arcesse</strong></span> 
     </span>
     <span class='ocr_line' id='line_1_19' title="bbox 170 2535 1505 2626; baseline -0.002 -22"><span class='ocrx_word' id='word_1_181' title='bbox 170 2548 246 2605; x_wconf 91' lang='lat' dir='ltr'><strong>runt</strong></span> <span class='ocrx_word' id='word_1_182' title='bbox 262 2540 472 2604; x_wconf 80' lang='lat'>11340-341</span> <span class='ocrx_word' id='word_1_183' title='bbox 490 2538 545 2623; x_wconf 90' lang='lat' dir='ltr'><strong>(de</strong></span> <span class='ocrx_word' id='word_1_184' title='bbox 561 2541 659 2622; x_wconf 85' lang='lat' dir='ltr'><strong>ursa),</strong></span> <span class='ocrx_word' id='word_1_185' title='bbox 681 2541 850 2604; x_wconf 74' lang='lat' dir='ltr'>507—le</span> <span class='ocrx_word' id='word_1_186' title='bbox 875 2541 929 2625; x_wconf 85' lang='lat' dir='ltr'><strong>(de</strong></span> <span class='ocrx_word' id='word_1_187' title='bbox 945 2541 1064 2626; x_wconf 86' lang='lat' dir='ltr'><strong>cervo),</strong></span> <span class='ocrx_word' id='word_1_188' title='bbox 1090 2542 1118 2605; x_wconf 94' lang='lat' dir='ltr'><strong>ll</strong></span> <span class='ocrx_word' id='word_1_189' title='bbox 1135 2541 1198 2607; x_wconf 79' lang='lat'><strong>508</strong></span> <span class='ocrx_word' id='word_1_190' title='bbox 1213 2541 1268 2626; x_wconf 92' lang='lat' dir='ltr'><strong>(de</strong></span> <span class='ocrx_word' id='word_1_191' title='bbox 1283 2535 1505 2623; x_wconf 86' lang='lat' dir='ltr'><strong>hippelaphe).</strong></span> 
     </span>
     <span class='ocr_line' id='line_1_20' title="bbox 258 2657 1712 2744; baseline 0.005 -22"><span class='ocrx_word' id='word_1_192' title='bbox 258 2658 307 2723; x_wconf 94' lang='lat' dir='ltr'><strong>lll</strong></span> <span class='ocrx_word' id='word_1_193' title='bbox 350 2658 653 2740; x_wconf 82' lang='lat' dir='ltr'><strong>Agatharchidis</strong></span> <span class='ocrx_word' id='word_1_194' title='bbox 683 2663 723 2725; x_wconf 91' lang='lat' dir='ltr'><strong>de</strong></span> <span class='ocrx_word' id='word_1_195' title='bbox 749 2661 829 2724; x_wconf 91' lang='lat' dir='ltr'><strong>mari</strong></span> <span class='ocrx_word' id='word_1_196' title='bbox 856 2661 952 2725; x_wconf 88' lang='lat' dir='ltr'><strong>rubro</strong></span> <span class='ocrx_word' id='word_1_197' title='bbox 986 2661 1123 2726; x_wconf 85' lang='lat' dir='ltr'><strong>frustula</strong></span> <span class='ocrx_word' id='word_1_198' title='bbox 1145 2682 1202 2744; x_wconf 89' lang='lat' dir='ltr'><strong>pcr</strong></span> <span class='ocrx_word' id='word_1_199' title='bbox 1229 2661 1377 2726; x_wconf 89' lang='lat' dir='ltr'><strong>Photium</strong></span> <span class='ocrx_word' id='word_1_200' title='bbox 1407 2657 1438 2721; x_wconf 94' lang='lat' dir='ltr'><strong>in</strong></span> <span class='ocrx_word' id='word_1_201' title='bbox 1463 2657 1525 2722; x_wconf 81' lang='lat' dir='ltr'><strong>Ex·</strong></span> <span class='ocrx_word' id='word_1_202' title='bbox 1546 2681 1712 2729; x_wconf 67' lang='lat' dir='ltr'><strong>enarraremus</strong></span> 
     </span>
     <span class='ocr_line' id='line_1_21' title="bbox 169 2776 1526 2864; baseline -0.001 -20"><span class='ocrx_word' id='word_1_203' title='bbox 169 2784 282 2863; x_wconf 83' lang='lat' dir='ltr'><strong>carpta</strong></span> <span class='ocrx_word' id='word_1_204' title='bbox 304 2777 491 2862; x_wconf 86' lang='lat' dir='ltr'><strong>pervenisse</strong></span> <span class='ocrx_word' id='word_1_205' title='bbox 519 2776 595 2842; x_wconf 90' lang='lat' dir='ltr'><strong>inde</strong></span> <span class='ocrx_word' id='word_1_206' title='bbox 617 2778 762 2860; x_wconf 88' lang='lat' dir='ltr'><strong>patescit,</strong></span> <span class='ocrx_word' id='word_1_207' title='bbox 794 2781 880 2862; x_wconf 91' lang='lat' dir='ltr'><strong>qnod</strong></span> <span class='ocrx_word' id='word_1_208' title='bbox 902 2781 1045 2864; x_wconf 86' lang='lat' dir='ltr'><strong>exceptis</strong></span> <span class='ocrx_word' id='word_1_209' title='bbox 1068 2779 1238 2863; x_wconf 83' lang='lat' dir='ltr'><strong>perpaucis</strong></span> <span class='ocrx_word' id='word_1_210' title='bbox 1265 2777 1451 2864; x_wconf 88' lang='lat' dir='ltr'><strong>pusillisque</strong></span> <span class='ocrx_word' id='word_1_211' title='bbox 1474 2779 1526 2843; x_wconf 91' lang='lat' dir='ltr'><strong>vel</strong></span> 
     </span>
     <span class='ocr_line' id='line_1_22' title="bbox 169 2895 612 2962; baseline -0.005 0"><span class='ocrx_word' id='word_1_212' title='bbox 169 2896 215 2962; x_wconf 89' lang='lat' dir='ltr'><strong>ad</strong></span> <span class='ocrx_word' id='word_1_213' title='bbox 236 2896 369 2961; x_wconf 89' lang='lat' dir='ltr'><strong>verbum</strong></span> <span class='ocrx_word' id='word_1_214' title='bbox 390 2895 445 2961; x_wconf 93' lang='lat' dir='ltr'><strong>ille</strong></span> <span class='ocrx_word' id='word_1_215' title='bbox 465 2897 612 2962; x_wconf 88' lang='lat' dir='ltr'><strong>concinit.</strong></span> 
     </span>
     <span class='ocr_line' id='line_1_23' title="bbox 257 3015 1639 3102; baseline 0 -22"><span class='ocrx_word' id='word_1_216' title='bbox 257 3015 300 3080; x_wconf 91' lang='lat' dir='ltr'><strong>IV</strong></span> <span class='ocrx_word' id='word_1_217' title='bbox 348 3015 425 3080; x_wconf 90' lang='lat' dir='ltr'><strong>Loci</strong></span> <span class='ocrx_word' id='word_1_218' title='bbox 440 3034 481 3080; x_wconf 87' lang='lat' dir='ltr'><strong>ex</strong></span> <span class='ocrx_word' id='word_1_219' title='bbox 501 3015 640 3081; x_wconf 86' lang='lat' dir='ltr'><strong>Basilii</strong></span> <span class='ocrx_word' id='word_1_220' title='bbox 662 3018 861 3083; x_wconf 71' lang='lat' dir='ltr'><strong>Hexadmero</strong></span> <span class='ocrx_word' id='word_1_221' title='bbox 885 3018 974 3102; x_wconf 90' lang='lat' dir='ltr'><strong>petiti</strong></span> <span class='ocrx_word' id='word_1_222' title='bbox 998 3017 1239 3083; x_wconf 85' lang='lat' dir='ltr'><strong>accuratissime</strong></span> <span class='ocrx_word' id='word_1_223' title='bbox 1262 3018 1413 3101; x_wconf 89' lang='lat' dir='ltr'><strong>descripti</strong></span> <span class='ocrx_word' id='word_1_224' title='bbox 1437 3025 1525 3102; x_wconf 90' lang='lat' dir='ltr'><strong>sunt;</strong></span> <span class='ocrx_word' id='word_1_225' title='bbox 1547 3040 1639 3080; x_wconf 66' lang='lat' dir='ltr'><strong>osirin.</strong></span> 
     </span>
     <span class='ocr_line' id='line_1_24' title="bbox 169 3134 1705 3223; baseline 0.002 -25"><span class='ocrx_word' id='word_1_226' title='bbox 169 3134 287 3200; x_wconf 89' lang='lat' dir='ltr'><strong>leniter</strong></span> <span class='ocrx_word' id='word_1_227' title='bbox 309 3134 409 3199; x_wconf 87' lang='lat' dir='ltr'><strong>semel</strong></span> <span class='ocrx_word' id='word_1_228' title='bbox 431 3134 615 3199; x_wconf 86' lang='lat' dir='ltr'><strong>immutatus</strong></span> <span class='ocrx_word' id='word_1_229' title='bbox 638 3135 927 3219; x_wconf 84' lang='lat' dir='ltr'><strong>Philostorgius</strong></span> <span class='ocrx_word' id='word_1_230' title='bbox 953 3137 1100 3223; x_wconf 79' lang='lat'>(11132).</span> <span class='ocrx_word' id='word_1_231' title='bbox 1549 3159 1705 3211; x_wconf 57' lang='lat' dir='ltr'><strong>renonem-ut</strong></span> 
     </span>
    </p>
   </div>
   <div class='ocr_carea' id='block_1_5' title="bbox 167 3365 1527 5009">
    <p class='ocr_par' dir='ltr' id='par_1_5' title="bbox 167 3365 1527 4571">
     <span class='ocr_line' id='line_1_25' title="bbox 245 3365 1527 3436; baseline 0.002 -19"><span class='ocrx_word' id='word_1_232' title='bbox 245 3367 264 3434; x_wconf 91' lang='lat'><strong>¹)</strong></span> <span class='ocrx_word' id='word_1_233' title='bbox 284 3365 337 3435; x_wconf 89' lang='lat' dir='ltr'><strong>[Ne</strong></span> <span class='ocrx_word' id='word_1_234' title='bbox 351 3385 394 3432; x_wconf 79' lang='lat' dir='ltr'><strong>eqo</strong></span> <span class='ocrx_word' id='word_1_235' title='bbox 406 3367 501 3433; x_wconf 87' lang='lat' dir='ltr'><strong>quidem</strong></span> <span class='ocrx_word' id='word_1_236' title='bbox 517 3365 634 3417; x_wconf 79' lang='lat' dir='ltr'><strong>Timothei</strong></span> <span class='ocrx_word' id='word_1_237' title='bbox 649 3367 766 3431; x_wconf 81' lang='lat' dir='ltr'><strong>duplicem</strong></span> <span class='ocrx_word' id='word_1_238' title='bbox 778 3369 888 3432; x_wconf 86' lang='lat' dir='ltr'><strong>sormam</strong></span> <span class='ocrx_word' id='word_1_239' title='bbox 901 3370 1008 3420; x_wconf 77' lang='lat' dir='ltr'><strong>extitisse</strong></span> <span class='ocrx_word' id='word_1_240' title='bbox 1021 3369 1099 3419; x_wconf 87' lang='lat' dir='ltr'><strong>credo.</strong></span> <span class='ocrx_word' id='word_1_241' title='bbox 1132 3386 1211 3417; x_wconf 88' lang='lat' dir='ltr'><strong>uerum</strong></span> <span class='ocrx_word' id='word_1_242' title='bbox 1231 3385 1260 3416; x_wconf 76' lang='lat' dir='ltr'><strong>cr</strong></span> <span class='ocrx_word' id='word_1_243' title='bbox 1275 3369 1370 3435; x_wconf 78' lang='lat' dir='ltr'><strong>poetico</strong></span> <span class='ocrx_word' id='word_1_244' title='bbox 1382 3387 1455 3436; x_wconf 89' lang='lat' dir='ltr'><strong>opere</strong></span> <span class='ocrx_word' id='word_1_245' title='bbox 1467 3369 1527 3420; x_wconf 85' lang='lat' dir='ltr'><strong>daec</strong></span> 
     </span>
     <span class='ocr_line' id='line_1_26' title="bbox 169 3455 1527 3522; baseline 0.003 -18"><span class='ocrx_word' id='word_1_246' title='bbox 169 3473 235 3522; x_wconf 82' lang='lat' dir='ltr'><strong>quas</strong></span> <span class='ocrx_word' id='word_1_247' title='bbox 253 3465 357 3504; x_wconf 86' lang='lat' dir='ltr'><strong>terremus</strong></span> <span class='ocrx_word' id='word_1_248' title='bbox 373 3465 487 3518; x_wconf 80' lang='lat' dir='ltr'><strong>excerpta</strong></span> <span class='ocrx_word' id='word_1_249' title='bbox 506 3471 561 3502; x_wconf 86' lang='lat' dir='ltr'><strong>esse</strong></span> <span class='ocrx_word' id='word_1_250' title='bbox 580 3455 724 3519; x_wconf 73' lang='lat' dir='ltr'><strong>nequeerim.</strong></span> <span class='ocrx_word' id='word_1_251' title='bbox 756 3473 810 3504; x_wconf 88' lang='lat' dir='ltr'><strong>num</strong></span> <span class='ocrx_word' id='word_1_252' title='bbox 822 3456 872 3505; x_wconf 88' lang='lat' dir='ltr'><strong>siue</strong></span> <span class='ocrx_word' id='word_1_253' title='bbox 885 3459 997 3506; x_wconf 78' lang='lat' dir='ltr'><strong>uersibus</strong></span> <span class='ocrx_word' id='word_1_254' title='bbox 1015 3457 1118 3507; x_wconf 82' lang='lat' dir='ltr'><strong>heroicis</strong></span> <span class='ocrx_word' id='word_1_255' title='bbox 1129 3457 1179 3505; x_wconf 85' lang='lat' dir='ltr'><strong>siue</strong></span> <span class='ocrx_word' id='word_1_256' title='bbox 1197 3456 1307 3506; x_wconf 85' lang='lat' dir='ltr'><strong>iambicis</strong></span> <span class='ocrx_word' id='word_1_257' title='bbox 1318 3457 1368 3506; x_wconf 83' lang='lat' dir='ltr'><strong>sive</strong></span> <span class='ocrx_word' id='word_1_258' title='bbox 1386 3457 1527 3521; x_wconf 81' lang='lat' dir='ltr'><strong>quibuslibet</strong></span> 
     </span>
     <span class='ocr_line' id='line_1_27' title="bbox 169 3542 1527 3612; baseline 0.001 -19"><span class='ocrx_word' id='word_1_259' title='bbox 169 3543 231 3593; x_wconf 86' lang='lat' dir='ltr'><strong>aliis</strong></span> <span class='ocrx_word' id='word_1_260' title='bbox 249 3543 293 3592; x_wconf 81' lang='lat' dir='ltr'><strong>hoe</strong></span> <span class='ocrx_word' id='word_1_261' title='bbox 310 3559 407 3592; x_wconf 87' lang='lat' dir='ltr'><strong>carmen</strong></span> <span class='ocrx_word' id='word_1_262' title='bbox 424 3542 578 3604; x_wconf 76' lang='lat' dir='ltr'><strong>compositum</strong></span> <span class='ocrx_word' id='word_1_263' title='bbox 590 3542 674 3606; x_wconf 83' lang='lat' dir='ltr'><strong>fuisse</strong></span> <span class='ocrx_word' id='word_1_264' title='bbox 687 3542 777 3608; x_wconf 73' lang='lat' dir='ltr'><strong>stupis,</strong></span> <span class='ocrx_word' id='word_1_265' title='bbox 797 3560 859 3606; x_wconf 88' lang='lat' dir='ltr'><strong>quae</strong></span> <span class='ocrx_word' id='word_1_266' title='bbox 878 3554 913 3595; x_wconf 89' lang='lat' dir='ltr'><strong>est</strong></span> <span class='ocrx_word' id='word_1_267' title='bbox 933 3545 1081 3612; x_wconf 77' lang='lat' dir='ltr'><strong>excerptoris</strong></span> <span class='ocrx_word' id='word_1_268' title='bbox 1101 3543 1255 3593; x_wconf 82' lang='lat' dir='ltr'><strong>Constantini</strong></span> <span class='ocrx_word' id='word_1_269' title='bbox 1266 3544 1335 3604; x_wconf 87' lang='lat' dir='ltr'><strong>fides</strong></span> <span class='ocrx_word' id='word_1_270' title='bbox 1353 3555 1375 3593; x_wconf 89' lang='lat' dir='ltr'><strong>et</strong></span> <span class='ocrx_word' id='word_1_271' title='bbox 1394 3545 1527 3607; x_wconf 80' lang='lat' dir='ltr'><strong>accuratio,</strong></span> 
     </span>
     <span class='ocr_line' id='line_1_28' title="bbox 169 3629 1527 3695; baseline 0.001 -15"><span class='ocrx_word' id='word_1_272' title='bbox 169 3631 295 3693; x_wconf 75' lang='lat' dir='ltr'><strong>formulas</strong></span> <span class='ocrx_word' id='word_1_273' title='bbox 307 3640 329 3679; x_wconf 88' lang='lat' dir='ltr'><strong>et</strong></span> <span class='ocrx_word' id='word_1_274' title='bbox 342 3647 452 3678; x_wconf 89' lang='lat' dir='ltr'><strong>numeros</strong></span> <span class='ocrx_word' id='word_1_275' title='bbox 465 3629 579 3680; x_wconf 86' lang='lat' dir='ltr'><strong>carminis</strong></span> <span class='ocrx_word' id='word_1_276' title='bbox 596 3646 767 3692; x_wconf 80' lang='lat' dir='ltr'><strong>usquequaque</strong></span> <span class='ocrx_word' id='word_1_277' title='bbox 780 3631 850 3679; x_wconf 91' lang='lat' dir='ltr'><strong>etiam</strong></span> <span class='ocrx_word' id='word_1_278' title='bbox 864 3649 925 3679; x_wconf 85' lang='lat' dir='ltr'><strong>nuuc</strong></span> <span class='ocrx_word' id='word_1_279' title='bbox 936 3649 1069 3695; x_wconf 86' lang='lat' dir='ltr'><strong>personare</strong></span> <span class='ocrx_word' id='word_1_280' title='bbox 1083 3647 1177 3680; x_wconf 80' lang='lat' dir='ltr'><strong>necesse</strong></span> <span class='ocrx_word' id='word_1_281' title='bbox 1191 3642 1262 3679; x_wconf 86' lang='lat' dir='ltr'><strong>esset.</strong></span> <span class='ocrx_word' id='word_1_282' title='bbox 1294 3643 1319 3680; x_wconf 91' lang='lat' dir='ltr'><strong>at</strong></span> <span class='ocrx_word' id='word_1_283' title='bbox 1333 3630 1392 3681; x_wconf 83' lang='lat' dir='ltr'><strong>uilil</strong></span> <span class='ocrx_word' id='word_1_284' title='bbox 1409 3649 1527 3693; x_wconf 86' lang='lat' dir='ltr'><strong>versuum,</strong></span> 
     </span>
     <span class='ocr_line' id='line_1_29' title="bbox 169 3715 1525 3786; baseline 0 -19"><span class='ocrx_word' id='word_1_285' title='bbox 169 3718 232 3767; x_wconf 65' lang='lat' dir='ltr'><strong>sitit</strong></span> <span class='ocrx_word' id='word_1_286' title='bbox 249 3717 368 3767; x_wconf 86' lang='lat' dir='ltr'><strong>nurnerosi</strong></span> <span class='ocrx_word' id='word_1_287' title='bbox 388 3716 412 3765; x_wconf 89' lang='lat' dir='ltr'><strong>in</strong></span> <span class='ocrx_word' id='word_1_288' title='bbox 431 3717 468 3765; x_wconf 84' lang='lat' dir='ltr'><strong>liis</strong></span> <span class='ocrx_word' id='word_1_289' title='bbox 488 3716 575 3780; x_wconf 79' lang='lat' dir='ltr'><strong>eeloqis</strong></span> <span class='ocrx_word' id='word_1_290' title='bbox 593 3716 687 3765; x_wconf 84' lang='lat' dir='ltr'><strong>urinime</strong></span> <span class='ocrx_word' id='word_1_291' title='bbox 711 3715 865 3778; x_wconf 84' lang='lat' dir='ltr'><strong>decoloratis,</strong></span> <span class='ocrx_word' id='word_1_292' title='bbox 889 3720 956 3767; x_wconf 89' lang='lat' dir='ltr'><strong>immo</strong></span> <span class='ocrx_word' id='word_1_293' title='bbox 974 3737 1051 3786; x_wconf 85' lang='lat' dir='ltr'><strong>purus</strong></span> <span class='ocrx_word' id='word_1_294' title='bbox 1070 3720 1156 3782; x_wconf 76' lang='lat' dir='ltr'><strong>ultique</strong></span> <span class='ocrx_word' id='word_1_295' title='bbox 1175 3730 1261 3782; x_wconf 80' lang='lat' dir='ltr'><strong>repnut</strong></span> <span class='ocrx_word' id='word_1_296' title='bbox 1282 3719 1356 3779; x_wconf 75' lang='lat' dir='ltr'><strong>fucus</strong></span> <span class='ocrx_word' id='word_1_297' title='bbox 1375 3719 1525 3783; x_wconf 77' lang='lat' dir='ltr'><strong>sophisticus.</strong></span> 
     </span>
     <span class='ocr_line' id='line_1_30' title="bbox 168 3803 1525 3872; baseline -0.001 -17"><span class='ocrx_word' id='word_1_298' title='bbox 168 3805 244 3855; x_wconf 80' lang='lat' dir='ltr'><strong>audis</strong></span> <span class='ocrx_word' id='word_1_299' title='bbox 256 3805 397 3872; x_wconf 81' lang='lat' dir='ltr'><strong>scriptorem</strong></span> <span class='ocrx_word' id='word_1_300' title='bbox 409 3804 476 3853; x_wconf 84' lang='lat' dir='ltr'><strong>ruodo</strong></span> <span class='ocrx_word' id='word_1_301' title='bbox 489 3803 660 3871; x_wconf 88' lang='lat' dir='ltr'><strong>ampullantem</strong></span> <span class='ocrx_word' id='word_1_302' title='bbox 673 3804 766 3853; x_wconf 77' lang='lat' dir='ltr'><strong>lieroioe</strong></span> <span class='ocrx_word' id='word_1_303' title='bbox 778 3805 845 3854; x_wconf 91' lang='lat' dir='ltr'><strong>modo</strong></span> <span class='ocrx_word' id='word_1_304' title='bbox 858 3807 1033 3856; x_wconf 72' lang='lat' dir='ltr'><strong>attic-issantcm</strong></span> <span class='ocrx_word' id='word_1_305' title='bbox 1048 3806 1085 3855; x_wconf 87' lang='lat' dir='ltr'><strong>uel</strong></span> <span class='ocrx_word' id='word_1_306' title='bbox 1095 3804 1234 3854; x_wconf 84' lang='lat' dir='ltr'><strong>Herodotca</strong></span> <span class='ocrx_word' id='word_1_307' title='bbox 1246 3805 1398 3872; x_wconf 82' lang='lat' dir='ltr'><strong>simplicitate</strong></span> <span class='ocrx_word' id='word_1_308' title='bbox 1412 3806 1525 3871; x_wconf 85' lang='lat' dir='ltr'><strong>ineptien·</strong></span> 
     </span>
     <span class='ocr_line' id='line_1_31' title="bbox 169 3890 1527 3958; baseline -0.001 -16"><span class='ocrx_word' id='word_1_309' title='bbox 169 3906 224 3943; x_wconf 83' lang='lat' dir='ltr'><strong>tem.</strong></span> <span class='ocrx_word' id='word_1_310' title='bbox 245 3893 355 3943; x_wconf 85' lang='lat' dir='ltr'><strong>nimirum</strong></span> <span class='ocrx_word' id='word_1_311' title='bbox 369 3893 400 3940; x_wconf 86' lang='lat' dir='ltr'><strong>all</strong></span> <span class='ocrx_word' id='word_1_312' title='bbox 409 3890 514 3940; x_wconf 81' lang='lat' dir='ltr'><strong>Aeliano</strong></span> <span class='ocrx_word' id='word_1_313' title='bbox 527 3892 644 3955; x_wconf 85' lang='lat' dir='ltr'><strong>scriptore</strong></span> <span class='ocrx_word' id='word_1_314' title='bbox 658 3909 703 3940; x_wconf 92' lang='lat' dir='ltr'><strong>uno</strong></span> <span class='ocrx_word' id='word_1_315' title='bbox 717 3892 817 3941; x_wconf 80' lang='lat' dir='ltr'><strong>auritium</strong></span> <span class='ocrx_word' id='word_1_316' title='bbox 830 3894 1001 3944; x_wconf 77' lang='lat' dir='ltr'><strong>absurdissimo</strong></span> <span class='ocrx_word' id='word_1_317' title='bbox 1014 3893 1126 3943; x_wconf 74' lang='lat' dir='ltr'><strong>Gemens</strong></span> <span class='ocrx_word' id='word_1_318' title='bbox 1139 3893 1205 3940; x_wconf 82' lang='lat' dir='ltr'><strong>domo</strong></span> <span class='ocrx_word' id='word_1_319' title='bbox 1219 3910 1265 3941; x_wconf 91' lang='lat' dir='ltr'><strong>non</strong></span> <span class='ocrx_word' id='word_1_320' title='bbox 1276 3891 1350 3941; x_wconf 87' lang='lat' dir='ltr'><strong>solum</strong></span> <span class='ocrx_word' id='word_1_321' title='bbox 1364 3903 1527 3958; x_wconf 80' lang='lat' dir='ltr'><strong>arqumentum</strong></span> 
     </span>
     <span class='ocr_line' id='line_1_32' title="bbox 168 3977 1526 4047; baseline 0.001 -19"><span class='ocrx_word' id='word_1_322' title='bbox 168 3979 298 4029; x_wconf 84' lang='lat' dir='ltr'><strong>sedetiam</strong></span> <span class='ocrx_word' id='word_1_323' title='bbox 316 3977 417 4028; x_wconf 84' lang='lat' dir='ltr'><strong>colorem</strong></span> <span class='ocrx_word' id='word_1_324' title='bbox 436 3979 519 4039; x_wconf 68' lang='lat' dir='ltr'><strong>traxit,</strong></span> <span class='ocrx_word' id='word_1_325' title='bbox 539 3989 564 4027; x_wconf 90' lang='lat' dir='ltr'><strong>ut</strong></span> <span class='ocrx_word' id='word_1_326' title='bbox 580 3978 652 4027; x_wconf 71' lang='lat' dir='ltr'><strong>rusum</strong></span> <span class='ocrx_word' id='word_1_327' title='bbox 670 3995 743 4045; x_wconf 84' lang='lat' dir='ltr'><strong>saepe</strong></span> <span class='ocrx_word' id='word_1_328' title='bbox 756 3990 847 4028; x_wconf 88' lang='lat' dir='ltr'><strong>moveat</strong></span> <span class='ocrx_word' id='word_1_329' title='bbox 865 3980 908 4030; x_wconf 86' lang='lat' dir='ltr'><strong>illu</strong></span> <span class='ocrx_word' id='word_1_330' title='bbox 922 3982 1006 4030; x_wconf 87' lang='lat' dir='ltr'><strong>simiae</strong></span> <span class='ocrx_word' id='word_1_331' title='bbox 1019 3982 1098 4031; x_wconf 85' lang='lat' dir='ltr'><strong>simia.</strong></span> <span class='ocrx_word' id='word_1_332' title='bbox 1123 3990 1249 4047; x_wconf 86' lang='lat' dir='ltr'><strong>poetarum</strong></span> <span class='ocrx_word' id='word_1_333' title='bbox 1268 3990 1345 4029; x_wconf 87' lang='lat' dir='ltr'><strong>autern</strong></span> <span class='ocrx_word' id='word_1_334' title='bbox 1366 3978 1526 4029; x_wconf 84' lang='lat' dir='ltr'><strong>aemulatione</strong></span> 
     </span>
     <span class='ocr_line' id='line_1_33' title="bbox 169 4064 1525 4136; baseline 0.001 -22"><span class='ocrx_word' id='word_1_335' title='bbox 169 4084 222 4132; x_wconf 90' lang='lat' dir='ltr'><strong>qua</strong></span> <span class='ocrx_word' id='word_1_336' title='bbox 237 4065 279 4115; x_wconf 87' lang='lat' dir='ltr'><strong>isti</strong></span> <span class='ocrx_word' id='word_1_337' title='bbox 292 4064 429 4132; x_wconf 74' lang='lat' dir='ltr'><strong>ploriantur</strong></span> <span class='ocrx_word' id='word_1_338' title='bbox 447 4077 488 4115; x_wconf 87' lang='lat' dir='ltr'><strong>aut</strong></span> <span class='ocrx_word' id='word_1_339' title='bbox 497 4064 577 4130; x_wconf 90' lang='lat' dir='ltr'><strong>sallor</strong></span> <span class='ocrx_word' id='word_1_340' title='bbox 592 4078 634 4116; x_wconf 87' lang='lat' dir='ltr'><strong>aut</strong></span> <span class='ocrx_word' id='word_1_341' title='bbox 648 4065 739 4115; x_wconf 79' lang='lat' dir='ltr'><strong>Suidae</strong></span> <span class='ocrx_word' id='word_1_342' title='bbox 760 4066 820 4116; x_wconf 88' lang='lat' dir='ltr'><strong>illud</strong></span> <span class='ocrx_word' id='word_1_343' title='bbox 838 4067 932 4126; x_wconf 81' lang='grc' dir='ltr'>ἐπικῶς</span> <span class='ocrx_word' id='word_1_344' title='bbox 950 4069 1016 4133; x_wconf 90' lang='lat' dir='ltr'><strong>quod</strong></span> <span class='ocrx_word' id='word_1_345' title='bbox 1033 4078 1114 4136; x_wconf 78' lang='lat' dir='ltr'><strong>aperte</strong></span> <span class='ocrx_word' id='word_1_346' title='bbox 1124 4067 1218 4128; x_wconf 82' lang='lat' dir='ltr'><strong>salsum</strong></span> <span class='ocrx_word' id='word_1_347' title='bbox 1237 4077 1271 4116; x_wconf 88' lang='lat' dir='ltr'><strong>est</strong></span> <span class='ocrx_word' id='word_1_348' title='bbox 1290 4067 1434 4130; x_wconf 72' lang='lat' dir='ltr'><strong>explicatur.</strong></span> <span class='ocrx_word' id='word_1_349' title='bbox 1472 4085 1525 4115; x_wconf 90' lang='lat' dir='ltr'><strong>narn</strong></span> 
     </span>
     <span class='ocr_line' id='line_1_34' title="bbox 169 4151 1527 4219; baseline 0.001 -17"><span class='ocrx_word' id='word_1_350' title='bbox 169 4163 256 4203; x_wconf 71' lang='lat' dir='ltr'><strong>ettam</strong></span> <span class='ocrx_word' id='word_1_351' title='bbox 273 4162 387 4217; x_wconf 78' lang='lat' dir='ltr'><strong>excerpta</strong></span> <span class='ocrx_word' id='word_1_352' title='bbox 405 4153 476 4202; x_wconf 90' lang='lat' dir='ltr'><strong>etiam</strong></span> <span class='ocrx_word' id='word_1_353' title='bbox 495 4153 519 4200; x_wconf 89' lang='lat' dir='ltr'><strong>in</strong></span> <span class='ocrx_word' id='word_1_354' title='bbox 542 4151 695 4202; x_wconf 86' lang='lat' dir='ltr'><strong>Barocciano</strong></span> <span class='ocrx_word' id='word_1_355' title='bbox 714 4154 803 4215; x_wconf 82' lang='lat' dir='ltr'><strong>codiee,</strong></span> <span class='ocrx_word' id='word_1_356' title='bbox 828 4173 890 4219; x_wconf 87' lang='lat' dir='ltr'><strong>quae</strong></span> <span class='ocrx_word' id='word_1_357' title='bbox 911 4156 986 4206; x_wconf 85' lang='lat' dir='ltr'><strong>edidit</strong></span> <span class='ocrx_word' id='word_1_358' title='bbox 1007 4156 1139 4204; x_wconf 82' lang='lat' dir='ltr'><strong>Cramerus</strong></span> <span class='ocrx_word' id='word_1_359' title='bbox 1158 4154 1182 4204; x_wconf 88' lang='lat' dir='ltr'><strong>iu</strong></span> <span class='ocrx_word' id='word_1_360' title='bbox 1198 4153 1337 4203; x_wconf 76' lang='lat' dir='ltr'><strong>Aruer-doton</strong></span> <span class='ocrx_word' id='word_1_361' title='bbox 1358 4153 1527 4204; x_wconf 82' lang='lat' dir='ltr'><strong>Oroniensium</strong></span> 
     </span>
     <span class='ocr_line' id='line_1_35' title="bbox 169 4236 1527 4309; baseline 0.002 -20"><span class='ocrx_word' id='word_1_362' title='bbox 169 4253 187 4289; x_wconf 89' lang='lat' dir='ltr'><strong>t.</strong></span> <span class='ocrx_word' id='word_1_363' title='bbox 202 4236 249 4290; x_wconf 82' lang='lat' dir='ltr'><strong>IV</strong></span> <span class='ocrx_word' id='word_1_364' title='bbox 255 4259 279 4305; x_wconf 84' lang='lat' dir='ltr'><strong>p.</strong></span> <span class='ocrx_word' id='word_1_365' title='bbox 294 4237 353 4301; x_wconf 84' lang='grc'><strong>263,</strong></span> <span class='ocrx_word' id='word_1_366' title='bbox 373 4237 448 4288; x_wconf 70' lang='lat' dir='ltr'><strong>exilia</strong></span> <span class='ocrx_word' id='word_1_367' title='bbox 467 4239 510 4287; x_wconf 85' lang='lat' dir='ltr'><strong>illa</strong></span> <span class='ocrx_word' id='word_1_368' title='bbox 524 4238 618 4303; x_wconf 90' lang='lat' dir='ltr'><strong>quidem</strong></span> <span class='ocrx_word' id='word_1_369' title='bbox 638 4239 723 4307; x_wconf 86' lang='lat' dir='ltr'><strong>qualia</strong></span> <span class='ocrx_word' id='word_1_370' title='bbox 735 4241 880 4306; x_wconf 75' lang='lat' dir='ltr'><strong>dupustani,</strong></span> <span class='ocrx_word' id='word_1_371' title='bbox 900 4255 926 4294; x_wconf 91' lang='lat' dir='ltr'><strong>at</strong></span> <span class='ocrx_word' id='word_1_372' title='bbox 944 4245 988 4293; x_wconf 84' lang='lat' dir='ltr'><strong>hoc</strong></span> <span class='ocrx_word' id='word_1_373' title='bbox 1000 4245 1068 4293; x_wconf 88' lang='lat' dir='ltr'><strong>titulo</strong></span> <span class='ocrx_word' id='word_1_374' title='bbox 1088 4243 1194 4307; x_wconf 83' lang='lat' dir='ltr'><strong>insiqnia</strong></span> <span class='ocrx_word' id='word_1_375' title='bbox 1208 4236 1333 4306; x_wconf 72' lang='grc' dir='ltr'>Τιμοθέου</span> <span class='ocrx_word' id='word_1_376' title='bbox 1352 4246 1527 4309; x_wconf 76' lang='grc' dir='ltr'>γραμματικοῦ</span> 
     </span>
     <span class='ocr_line' id='line_1_36' title="bbox 171 4323 1526 4400; baseline 0.001 -21"><span class='ocrx_word' id='word_1_377' title='bbox 171 4323 191 4379; x_wconf 84' lang='grc' dir='ltr'>Γ</span> <span class='ocrx_word' id='word_1_378' title='bbox 192 4328 254 4396; x_wconf 75' lang='grc' dir='ltr'><strong>άζης</strong></span> <span class='ocrx_word' id='word_1_379' title='bbox 266 4323 327 4398; x_wconf 88' lang='lat' dir='ltr'><strong>llspl</strong></span> <span class='ocrx_word' id='word_1_380' title='bbox 346 4325 420 4396; x_wconf 72' lang='grc' dir='ltr'>ζῴων</span> <span class='ocrx_word' id='word_1_381' title='bbox 436 4324 595 4396; x_wconf 75' lang='grc' dir='ltr'>τετραπόδων</span> <span class='ocrx_word' id='word_1_382' title='bbox 615 4328 657 4378; x_wconf 83' lang='grc' dir='ltr'><strong>καὶ</strong></span> <span class='ocrx_word' id='word_1_383' title='bbox 676 4333 790 4397; x_wconf 79' lang='grc' dir='ltr'>φυσικῶν</span> <span class='ocrx_word' id='word_1_384' title='bbox 809 4328 893 4380; x_wconf 72' lang='grc' dir='ltr'>αὐτῶν</span> <span class='ocrx_word' id='word_1_385' title='bbox 907 4330 1035 4400; x_wconf 81' lang='grc' dir='ltr'>ἐνεργειῶν</span> <span class='ocrx_word' id='word_1_386' title='bbox 1050 4328 1257 4396; x_wconf 71' lang='grc' dir='ltr'>θαυμαζομένων,</span> <span class='ocrx_word' id='word_1_387' title='bbox 1280 4333 1454 4397; x_wconf 76' lang='grc' dir='ltr'>ποιητικῶς</span> <span class='ocrx_word' id='word_1_388' title='bbox 1475 4328 1526 4380; x_wconf 82' lang='lat' dir='ltr'><strong>uli·</strong></span> 
     </span>
     <span class='ocr_line' id='line_1_37' title="bbox 167 4413 1527 4483; baseline 0.001 -17"><span class='ocrx_word' id='word_1_389' title='bbox 167 4418 224 4467; x_wconf 74' lang='grc' dir='ltr'><strong>τοῦ</strong></span> <span class='ocrx_word' id='word_1_390' title='bbox 239 4413 496 4470; x_wconf 79' lang='grc' dir='ltr'>καλλιεποῦντος.</span> <span class='ocrx_word' id='word_1_391' title='bbox 520 4414 645 4478; x_wconf 85' lang='lat' dir='ltr'><strong>pedestris</strong></span> <span class='ocrx_word' id='word_1_392' title='bbox 656 4416 782 4483; x_wconf 86' lang='lat' dir='ltr'><strong>scriptoris</strong></span> <span class='ocrx_word' id='word_1_393' title='bbox 796 4417 859 4468; x_wconf 83' lang='lat' dir='ltr'><strong>hunc</strong></span> <span class='ocrx_word' id='word_1_394' title='bbox 869 4436 920 4467; x_wconf 88' lang='lat' dir='ltr'><strong>esse</strong></span> <span class='ocrx_word' id='word_1_395' title='bbox 935 4419 1037 4472; x_wconf 73' lang='lat' dir='ltr'><strong>lacedem.</strong></span> <span class='ocrx_word' id='word_1_396' title='bbox 1049 4435 1094 4466; x_wconf 87' lang='lat' dir='ltr'><strong>non</strong></span> <span class='ocrx_word' id='word_1_397' title='bbox 1107 4426 1203 4481; x_wconf 78' lang='lat' dir='ltr'><strong>poetae,</strong></span> <span class='ocrx_word' id='word_1_398' title='bbox 1216 4415 1368 4483; x_wconf 84' lang='lat' dir='ltr'><strong>perspicuum</strong></span> <span class='ocrx_word' id='word_1_399' title='bbox 1384 4426 1428 4465; x_wconf 91' lang='lat' dir='ltr'><strong>est.</strong></span> <span class='ocrx_word' id='word_1_400' title='bbox 1451 4435 1527 4482; x_wconf 82' lang='lat' dir='ltr'><strong>aeque</strong></span> 
     </span>
     <span class='ocr_line' id='line_1_38' title="bbox 168 4498 1176 4571; baseline 0.002 -18"><span class='ocrx_word' id='word_1_401' title='bbox 168 4521 216 4553; x_wconf 82' lang='lat' dir='ltr'><strong>uon</strong></span> <span class='ocrx_word' id='word_1_402' title='bbox 235 4501 392 4571; x_wconf 82' lang='lat' dir='ltr'><strong>perspicuum</strong></span> <span class='ocrx_word' id='word_1_403' title='bbox 410 4513 447 4552; x_wconf 85' lang='lat' dir='ltr'><strong>est</strong></span> <span class='ocrx_word' id='word_1_404' title='bbox 466 4498 560 4550; x_wconf 87' lang='lat' dir='ltr'><strong>Suidas</strong></span> <span class='ocrx_word' id='word_1_405' title='bbox 572 4500 671 4551; x_wconf 83' lang='lat' dir='ltr'><strong>similem</strong></span> <span class='ocrx_word' id='word_1_406' title='bbox 690 4503 781 4553; x_wconf 88' lang='lat' dir='ltr'><strong>titulum</strong></span> <span class='ocrx_word' id='word_1_407' title='bbox 802 4506 954 4555; x_wconf 86' lang='lat' dir='ltr'><strong>obuersatum</strong></span> <span class='ocrx_word' id='word_1_408' title='bbox 973 4524 1033 4555; x_wconf 87' lang='lat' dir='ltr'><strong>esse.</strong></span> <span class='ocrx_word' id='word_1_409' title='bbox 1072 4502 1176 4571; x_wconf 77' lang='lat' dir='ltr'><strong>Draus]</strong></span> 
     </span>
    </p>

    <p class='ocr_par' dir='ltr' id='par_1_6' title="bbox 167 4586 1527 5009">
     <span class='ocr_line' id='line_1_39' title="bbox 242 4586 1527 4658; baseline 0.003 -18"><span class='ocrx_word' id='word_1_410' title='bbox 242 4588 263 4654; x_wconf 78' lang='lat'><strong>²)</strong></span> <span class='ocrx_word' id='word_1_411' title='bbox 281 4588 304 4640; x_wconf 94' lang='lat' dir='ltr'><strong>ll</strong></span> <span class='ocrx_word' id='word_1_412' title='bbox 319 4586 398 4647; x_wconf 72' lang='grc'><strong>23213</strong></span> <span class='ocrx_word' id='word_1_413' title='bbox 416 4588 460 4655; x_wconf 88' lang='lat' dir='ltr'><strong>(dc</strong></span> <span class='ocrx_word' id='word_1_414' title='bbox 470 4586 543 4654; x_wconf 86' lang='lat' dir='ltr'><strong>lupo)</strong></span> <span class='ocrx_word' id='word_1_415' title='bbox 557 4587 579 4640; x_wconf 94' lang='lat' dir='ltr'><strong>ll</strong></span> <span class='ocrx_word' id='word_1_416' title='bbox 590 4586 650 4639; x_wconf 76' lang='grc'><strong>257.</strong></span> <span class='ocrx_word' id='word_1_417' title='bbox 663 4587 722 4640; x_wconf 89' lang='grc'><strong>262.</strong></span> <span class='ocrx_word' id='word_1_418' title='bbox 736 4588 795 4642; x_wconf 83' lang='grc'><strong>263.</strong></span> <span class='ocrx_word' id='word_1_419' title='bbox 810 4591 868 4643; x_wconf 80' lang='grc'><strong>264.</strong></span> <span class='ocrx_word' id='word_1_420' title='bbox 883 4592 942 4644; x_wconf 83' lang='grc'><strong>268.</strong></span> <span class='ocrx_word' id='word_1_421' title='bbox 956 4592 1015 4643; x_wconf 73' lang='lat' dir='ltr'><strong>teti.</strong></span> <span class='ocrx_word' id='word_1_422' title='bbox 1029 4591 1078 4644; x_wconf 70' lang='grc'><strong>272</strong></span> <span class='ocrx_word' id='word_1_423' title='bbox 1095 4591 1137 4657; x_wconf 90' lang='lat' dir='ltr'><strong>(dc</strong></span> <span class='ocrx_word' id='word_1_424' title='bbox 1152 4590 1276 4658; x_wconf 82' lang='lat' dir='ltr'><strong>pardale),</strong></span> <span class='ocrx_word' id='word_1_425' title='bbox 1293 4589 1408 4656; x_wconf 69' lang='lat' dir='ltr'><strong>flttrss</strong></span> <span class='ocrx_word' id='word_1_426' title='bbox 1426 4591 1458 4644; x_wconf 88' lang='lat' dir='ltr'><strong>de</strong></span> <span class='ocrx_word' id='word_1_427' title='bbox 1471 4592 1527 4644; x_wconf 83' lang='lat' dir='ltr'><strong>ani·</strong></span> 
     </span>
     <span class='ocr_line' id='line_1_40' title="bbox 168 4673 1527 4745; baseline 0.002 -17"><span class='ocrx_word' id='word_1_428' title='bbox 168 4675 284 4728; x_wconf 78' lang='lat' dir='ltr'><strong>malibus</strong></span> <span class='ocrx_word' id='word_1_429' title='bbox 297 4675 424 4727; x_wconf 81' lang='lat' dir='ltr'><strong>mixtione</strong></span> <span class='ocrx_word' id='word_1_430' title='bbox 436 4675 551 4736; x_wconf 75' lang='lat' dir='ltr'><strong>nutiall</strong></span> <span class='ocrx_word' id='word_1_431' title='bbox 567 4673 618 4726; x_wconf 76' lang='grc'><strong>278</strong></span> <span class='ocrx_word' id='word_1_432' title='bbox 635 4674 678 4740; x_wconf 88' lang='lat' dir='ltr'><strong>(de</strong></span> <span class='ocrx_word' id='word_1_433' title='bbox 691 4677 906 4745; x_wconf 83' lang='lat' dir='ltr'><strong>camelopardale)</strong></span> <span class='ocrx_word' id='word_1_434' title='bbox 919 4679 942 4731; x_wconf 93' lang='lat' dir='ltr'><strong>ll</strong></span> <span class='ocrx_word' id='word_1_435' title='bbox 957 4678 1014 4730; x_wconf 73' lang='lat' dir='ltr'><strong>tte.</strong></span> <span class='ocrx_word' id='word_1_436' title='bbox 1029 4679 1081 4731; x_wconf 88' lang='grc'><strong>280</strong></span> <span class='ocrx_word' id='word_1_437' title='bbox 1093 4677 1290 4745; x_wconf 73' lang='lat' dir='ltr'><strong>(depromere),</strong></span> <span class='ocrx_word' id='word_1_438' title='bbox 1304 4677 1327 4729; x_wconf 93' lang='lat' dir='ltr'><strong>ll</strong></span> <span class='ocrx_word' id='word_1_439' title='bbox 1341 4677 1400 4730; x_wconf 86' lang='grc'><strong>291.</strong></span> <span class='ocrx_word' id='word_1_440' title='bbox 1414 4678 1465 4730; x_wconf 80' lang='grc'><strong>294</strong></span> <span class='ocrx_word' id='word_1_441' title='bbox 1484 4679 1527 4744; x_wconf 91' lang='lat' dir='ltr'><strong>(de</strong></span> 
     </span>
     <span class='ocr_line' id='line_1_41' title="bbox 167 4760 1526 4833; baseline 0.002 -19"><span class='ocrx_word' id='word_1_442' title='bbox 167 4761 240 4828; x_wconf 81' lang='lat' dir='ltr'><strong>thoe)</strong></span> <span class='ocrx_word' id='word_1_443' title='bbox 253 4761 277 4814; x_wconf 89' lang='lat' dir='ltr'><strong>ll</strong></span> <span class='ocrx_word' id='word_1_444' title='bbox 289 4760 350 4814; x_wconf 83' lang='grc'><strong>304.</strong></span> <span class='ocrx_word' id='word_1_445' title='bbox 362 4760 422 4814; x_wconf 84' lang='grc'><strong>305.</strong></span> <span class='ocrx_word' id='word_1_446' title='bbox 435 4761 486 4814; x_wconf 80' lang='grc'><strong>307</strong></span> <span class='ocrx_word' id='word_1_447' title='bbox 500 4760 624 4827; x_wconf 76' lang='lat' dir='ltr'><strong>(desole),</strong></span> <span class='ocrx_word' id='word_1_448' title='bbox 638 4761 660 4814; x_wconf 95' lang='lat' dir='ltr'><strong>ll</strong></span> <span class='ocrx_word' id='word_1_449' title='bbox 674 4761 754 4826; x_wconf 62' lang='lat' dir='ltr'><strong>3¹21]ss</strong></span> <span class='ocrx_word' id='word_1_450' title='bbox 767 4764 810 4830; x_wconf 89' lang='lat' dir='ltr'><strong>(dc</strong></span> <span class='ocrx_word' id='word_1_451' title='bbox 820 4766 940 4833; x_wconf 82' lang='lat' dir='ltr'><strong>hyaena),</strong></span> <span class='ocrx_word' id='word_1_452' title='bbox 955 4767 976 4818; x_wconf 97' lang='lat' dir='ltr'><strong>ll</strong></span> <span class='ocrx_word' id='word_1_453' title='bbox 989 4765 1047 4818; x_wconf 80' lang='lat'>365.</span> <span class='ocrx_word' id='word_1_454' title='bbox 1061 4765 1111 4817; x_wconf 77' lang='grc'><strong>367</strong></span> <span class='ocrx_word' id='word_1_455' title='bbox 1126 4765 1169 4831; x_wconf 90' lang='lat' dir='ltr'><strong>(de</strong></span> <span class='ocrx_word' id='word_1_456' title='bbox 1181 4765 1262 4830; x_wconf 86' lang='lat' dir='ltr'><strong>mure)</strong></span> <span class='ocrx_word' id='word_1_457' title='bbox 1276 4765 1299 4817; x_wconf 95' lang='lat' dir='ltr'><strong>ll</strong></span> <span class='ocrx_word' id='word_1_458' title='bbox 1313 4765 1363 4816; x_wconf 81' lang='lat'><strong>386</strong></span> <span class='ocrx_word' id='word_1_459' title='bbox 1374 4765 1416 4831; x_wconf 88' lang='lat' dir='ltr'><strong>(dc</strong></span> <span class='ocrx_word' id='word_1_460' title='bbox 1429 4765 1478 4818; x_wconf 86' lang='lat' dir='ltr'><strong>fele</strong></span> <span class='ocrx_word' id='word_1_461' title='bbox 1490 4764 1526 4817; x_wconf 82' lang='lat' dir='ltr'><strong>se-</strong></span> 
     </span>
     <span class='ocr_line' id='line_1_42' title="bbox 167 4847 1524 4920; baseline 0.001 -19"><span class='ocrx_word' id='word_1_462' title='bbox 167 4847 250 4914; x_wconf 83' lang='lat' dir='ltr'><strong>mina)</strong></span> <span class='ocrx_word' id='word_1_463' title='bbox 263 4847 349 4901; x_wconf 79' lang='lat'>11407</span> <span class='ocrx_word' id='word_1_464' title='bbox 362 4847 404 4914; x_wconf 89' lang='lat' dir='ltr'><strong>(de</strong></span> <span class='ocrx_word' id='word_1_465' title='bbox 418 4847 505 4915; x_wconf 88' lang='lat' dir='ltr'><strong>rnlpc)</strong></span> <span class='ocrx_word' id='word_1_466' title='bbox 518 4848 541 4901; x_wconf 94' lang='lat' dir='ltr'><strong>ll</strong></span> <span class='ocrx_word' id='word_1_467' title='bbox 554 4848 606 4901; x_wconf 81' lang='lat'><strong>433</strong></span> <span class='ocrx_word' id='word_1_468' title='bbox 617 4848 660 4915; x_wconf 88' lang='lat' dir='ltr'><strong>(de</strong></span> <span class='ocrx_word' id='word_1_469' title='bbox 672 4850 811 4919; x_wconf 85' lang='lat' dir='ltr'><strong>erinaceo),</strong></span> <span class='ocrx_word' id='word_1_470' title='bbox 823 4852 844 4904; x_wconf 95' lang='lat' dir='ltr'><strong>ll</strong></span> <span class='ocrx_word' id='word_1_471' title='bbox 856 4853 1047 4915; x_wconf 59' lang='lat' dir='ltr'><strong>rosato-ta.</strong></span> <span class='ocrx_word' id='word_1_472' title='bbox 1060 4853 1111 4904; x_wconf 75' lang='lat' dir='ltr'><strong>trs</strong></span> <span class='ocrx_word' id='word_1_473' title='bbox 1127 4852 1168 4912; x_wconf 91' lang='lat' dir='ltr'><strong>(do</strong></span> <span class='ocrx_word' id='word_1_474' title='bbox 1182 4852 1298 4915; x_wconf 82' lang='lat' dir='ltr'><strong>camelo).</strong></span> <span class='ocrx_word' id='word_1_475' title='bbox 1312 4851 1392 4904; x_wconf 73' lang='lat'><em>11:371</em></span> <span class='ocrx_word' id='word_1_476' title='bbox 1410 4853 1441 4904; x_wconf 87' lang='lat' dir='ltr'><strong>‹le</strong></span> <span class='ocrx_word' id='word_1_477' title='bbox 1455 4868 1524 4920; x_wconf 85' lang='lat' dir='ltr'><strong>apro.</strong></span> 
     </span>
     <span class='ocr_line' id='line_1_43' title="bbox 168 4934 1524 5009; baseline 0.002 -21"><span class='ocrx_word' id='word_1_478' title='bbox 168 4935 235 4989; x_wconf 90' lang='lat'><strong>-11</strong></span> <span class='ocrx_word' id='word_1_479' title='bbox 248 4934 385 4988; x_wconf 76' lang='lat' dir='ltr'><strong>let-197</strong></span> <span class='ocrx_word' id='word_1_480' title='bbox 398 4937 441 5005; x_wconf 86' lang='lat' dir='ltr'><strong>(de</strong></span> <span class='ocrx_word' id='word_1_481' title='bbox 451 4936 526 5004; x_wconf 86' lang='lat' dir='ltr'><strong>curro)</strong></span> <span class='ocrx_word' id='word_1_482' title='bbox 540 4942 565 4988; x_wconf 84' lang='lat' dir='ltr'><strong>ct</strong></span> <span class='ocrx_word' id='word_1_483' title='bbox 578 4935 600 4988; x_wconf 92' lang='lat'><strong>11</strong></span> <span class='ocrx_word' id='word_1_484' title='bbox 612 4936 751 4988; x_wconf 69' lang='lat' dir='ltr'><strong>oss-oua</strong></span> <span class='ocrx_word' id='word_1_485' title='bbox 765 4939 808 5006; x_wconf 88' lang='lat' dir='ltr'><strong>(dc</strong></span> <span class='ocrx_word' id='word_1_486' title='bbox 818 4939 895 5009; x_wconf 85' lang='lat' dir='ltr'><strong>equo)</strong></span> <span class='ocrx_word' id='word_1_487' title='bbox 909 4940 990 4992; x_wconf 85' lang='lat' dir='ltr'><strong>eidem</strong></span> <span class='ocrx_word' id='word_1_488' title='bbox 1001 4941 1136 4993; x_wconf 84' lang='lat' dir='ltr'><strong>l&#39;irncthcc</strong></span> <span class='ocrx_word' id='word_1_489' title='bbox 1150 4939 1279 4992; x_wconf 84' lang='lat' dir='ltr'><strong>reddenda</strong></span> <span class='ocrx_word' id='word_1_490' title='bbox 1292 4955 1349 4989; x_wconf 84' lang='lat' dir='ltr'><strong>esso</strong></span> <span class='ocrx_word' id='word_1_491' title='bbox 1362 4939 1416 4991; x_wconf 81' lang='lat' dir='ltr'><strong>dixi</strong></span> <span class='ocrx_word' id='word_1_492' title='bbox 1431 4956 1455 5007; x_wconf 89' lang='lat' dir='ltr'><strong>p.</strong></span> <span class='ocrx_word' id='word_1_493' title='bbox 1466 4940 1524 4992; x_wconf 86' lang='lat' dir='ltr'><strong>Xll.</strong></span> 
     </span>
    </p>
   </div>
   <div class='ocr_carea' id='block_1_6' title="bbox 0 0 1760 5610">
    <p class='ocr_par' dir='ltr' id='par_1_7' title="bbox 0 0 1760 5610">
     <span class='ocr_line' id='line_1_44' title="bbox 0 0 1760 5610; baseline 0 0"><span class='ocrx_word' id='word_1_494' title='bbox 0 0 1760 5610; x_wconf 95' lang='lat' dir='ltr'><strong> </strong></span> 
     </span>
    </p>
   </div>
  </div>
 </body>
</html>
