3510 5610
193 282 237 347 54
268 320 281 345 ,
366 278 618 333 ARISTOPHANIS
636 277 821 331 HISTORIAE
840 276 1033 330 ANIMALIUM
1053 275 1201 329 El'l'POME
1221 276 1243 329 11
1263 276 1376 328 67-73

248 451 303 515 εἰσι
325 455 446 537 πήχεων
469 453 535 521 δύο.
562 453 589 515 οἱ
616 452 649 515 δὲ
675 454 803 514 πλεῖστοι
830 452 944 535 πήχεος
969 447 1058 532 (ἑνὸς)
1085 449 1133 512 καὶ
1160 450 1295 533 ἡμίσεος,
1321 449 1422 533 ἄνδρες
1450 451 1498 514 καλ

249 559 390 636 γυναῖκες.
435 555 491 623 ἕως
514 556 565 637 μὲν
588 553 637 618 ούν
661 553 695 617 ἂν
718 555 774 617 ῶσι
796 555 896 621 παῖδες
919 553 1022 636 μικροί,
1046 553 1142 622 ξύλινα
1167 554 1266 635 ἱμάτια
1287 556 1422 637 φοροῦσι,
1451 554 1499 617 καὶ

251 657 451 742 περιέρχονται
465 657 558 727 ούτως
572 657 778 741 ἠμφιεσμένοι·
803 653 918 718 ἐπειδάν
934 655 966 717 δὲ
981 655 1121 717 νεανίσκοι
1136 655 1283 736 γένωνται.
1304 659 1440 738 κομῶσι,ι
1452 658 1500 719 καὶ

252 760 280 821 οἱ
306 759 391 823 άλλοι
417 761 520 828 πάντες
542 758 685 843 Πυγμαῖοι
708 756 800 841 κόμην
827 755 929 841 έχουσι
952 757 1133 840 μακροτάτην
1158 756 1244 841 μέχρι
1266 757 1315 819 ἐπὶ
1335 757 1372 819 τὰ
1392 756 1501 839 γόνατα

224 862 300 925 υκαλ
323 860 365 925 ἔτι
386 863 541 945 κατωτέρω
564 861 612 925 καὶ
634 862 761 941 πώγωνα
783 859 915 942 μέγιστον
937 861 1052 921 πάντων
1074 860 1248 943 ἀνθρώπων,
1272 861 1348 923 ὥστε
1363 860 1501 922 ἕλκεσθαί

253 986 340 1048 φασιν
363 964 469 1034 αὐτούς
487 965 558 1048 πρδς
579 967 640 1032 τοῖς
654 964 747 1033 ποσίν,
770 962 821 1024 άτε
838 965 946 1045 μικρῶν
963 959 1063 1037 ὄντων,
1085 962 1152 1030 τούς
1166 964 1323 1043 πώγωνας·
1350 960 1501 1029 ἐξόπισθεν

250 1066 282 1128 δέ
311 1067 363 1149 τἠν
393 1065 486 1150 κόμην
514 1065 586 1128 εἶναι
613 1062 688 1126 πολὺ
716 1063 847 1126 κάτωθεν
877 1068 932 1125 τῶν
960 1066 1097 1145 γονάτων.
1146 1064 1261 1126 ἐπειδάν
1289 1068 1356 1146 γοῦν
1385 1061 1390 1149 Ι
1418 1064 1466 1125 τδν
1479 1082 1553 1126 ουτοι

252 1170 378 1250 πώγωνα
401 1168 490 1251 μέγαν
512 1167 653 1252 φύσωσιν,
675 1165 772 1229 ούκέτι
794 1166 998 1249 ἀμφιέννυνται
1020 1167 1104 1230 οὐδὲν
1127 1167 1248 1248 ἱμάτιον,
1277 1158 1354 1227 άλλά
1375 1167 1425 1236 τὰς
1446 1169 1503 1252 τρί-

251 1293 307 1354 χας
336 1271 388 1340 τὰς
417 1271 468 1353 μὲν
497 1275 550 1354 τῆς
578 1271 708 1353 κεφαλῆς
737 1266 856 1331 ὄπισθεν
886 1269 1047 1343 καθίενται,
1076 1267 1126 1335 τὰς
1156 1268 1188 1330 δέ
1218 1269 1251 1330 ἐκ
1280 1272 1331 1331 τού
1361 1273 1502 1352 πώγωνος

211 1388 239 1432 10
252 1370 432 1456 ἔμπροσθεν·
458 1370 557 1435 ἔπειτα
579 1372 842 1455 περιπυκασάμενοι
863 1370 913 1439 τὰς
935 1370 1035 1455 τρίχας
1054 1371 1119 1453 περὶ
1142 1373 1197 1431 πᾶν
1219 1370 1252 1431 τὸ
1273 1377 1359 1454 σῶμα
1383 1376 1501 1444 ζώννυν-

253 1500 308 1551 ται,
332 1477 378 1540 καὶ
395 1476 487 1544 ούτως
510 1473 575 1538 ἀνθ’
594 1474 708 1557 ἱματίου
730 1479 792 1542 ταῖς
808 1473 896 1555 θριξὶν
919 1472 1109 1557 ἀμπέχονται.
1144 1473 1191 1534 καὶ
1212 1473 1245 1535 τό
1261 1473 1370 1536 αἰδοῖον
1390 1475 1502 1560 σφόδρα

253 1578 327 1662 μέγα
349 1577 482 1664 ἔχουσιν,
505 1578 581 1641 ὥστε
603 1577 702 1661 ψαύειν
725 1580 782 1638 τῶν
806 1580 925 1660 σφυρῶν
948 1575 1060 1650 αὐτοῖς,
1083 1576 1131 1637 καὶ
1153 1575 1243 1659 παχύ.
1287 1574 1370 1638 αὐτοὶ
1392 1577 1424 1639 δέ
1446 1579 1503 1641 εἰσι

253 1681 332 1762 σιμοί
352 1704 384 1744 τε
410 1681 459 1744 καλ
480 1679 598 1764 αἰσχροὶ
623 1681 672 1742 καὶ
698 1677 781 1742 οὐδὲν
807 1677 934 1746 ἐοικότες
959 1684 1020 1745 τοῖς
1046 1677 1144 1746 άλλοις
1167 1676 1273 1746 Ἰνδοῖς.
1308 1679 1373 1743 εἰσὶ
1400 1682 1503 1744 δὲκαὶ

254 1784 284 1846 αἱ
310 1786 441 1865 γυναῖκες
470 1781 565 1844 αὐτῶν
596 1782 694 1866 μικραὶ
724 1782 772 1844 καὶ
800 1781 933 1865 αἰσχραί,
964 1781 1062 1865 ὥσπερ
1089 1781 1116 1841 οἱ
1142 1779 1256 1862 ἄνδρες·
1290 1784 1338 1844 καὶ
1366 1785 1393 1845 οἱ
1420 1785 1503 1846 ’ίπποι

215 1886 241 1946 ’15
254 1885 350 1949 αὐτῶν
373 1886 443 1948 εἰσιν
466 1885 565 1966 ῶσπερ
587 1885 660 1967 κριοὶ
682 1885 730 1946 καὶ
753 1884 841 1968 ὀλίγη)
869 1884 1010 1966 μείζονες·
1043 1883 1078 1944 τὰ
1105 1883 1137 1944 δὲ
1163 1881 1293 1967 πρόβατα
1319 1885 1415 1948 αὐτῶν
1442 1886 1502 1949 ἐστι

255 1988 343 2072 μικρὰ
365 1989 464 2070 ῶσπερ
486 1988 513 2050 οἱ
529 1986 621 2070 ἄρνες,
643 1987 691 2050 καὶ
713 1987 740 2049 οἱ
764 1984 824 2049 ὄνοι
846 1987 936 2048 καλοί
952 1986 1064 2068 ἡμίονοι
1087 1987 1135 2047 καὶ
1150 1985 1186 2047 τὰ
1201 1985 1275 2049 άλλα
1298 1989 1389 2071 κτηνη
1409 1989 1503 2051 πάντα

255 2091 338 2154 οὐδὲν
362 2091 452 2173 μείζω
474 2093 572 2172 κριῶν.

339 2192 411 2275 (68)
438 2192 473 2258 ‘0
496 2191 603 2276 ἐλέφας
625 2191 686 2254 ἐστὶ
709 2192 760 2274 μὲν
783 2191 930 2275 ἀμφύδους
954 2193 1001 2254 καὶ
1025 2192 1217 2275 πολυσχιδής,
1244 2189 1307 2276 ἔχει
1333 2193 1365 2254 δὲ
1387 2193 1503 2277 χαυλιό-

258 2296 358 2363 δοντας
390 2293 451 2358 άνω
484 2294 552 2370 δύο,
585 2294 736 2378 πορεύεται
769 2295 802 2356 δέ
834 2294 907 2355 κατὰ
936 2296 1087 2377 διάμετρον
1117 2295 1244 2377 χιάξων,
1275 2292 1338 2356 ἀλλ’
1367 2295 1401 2358 οὐ
1431 2296 1505 2360 κατὰ

215 2413 242 2457 νυ
256 2397 367 2464 σκέλος.
488 2396 560 2478 (69)
592 2393 655 2481 ἔχει
685 2398 717 2458 δέ
746 2397 904 2464 δακτύλους
933 2396 1016 2458 πέντε
1047 2395 1164 2478 μικρούς
1193 2396 1240 2458 καὶ
1270 2395 1323 2458 οὐκ
1352 2398 1400 2460 ἐπὶ
1430 2399 1503 2462 πολὺ

256 2505 349 2583 μῆκος
370 2497 575 2582 ἐσχισμένους,
603 2496 667 2581 ἔχει
689 2500 722 2561 δέ
744 2500 791 2561 καὶ
813 2499 848 2561 τόι
870 2497 1036 2582 ἐμπρόσθια
1063 2498 1151 2580 σκέλη
1179 2500 1280 2583 πολλῶ
1309 2500 1424 2581 μείζονα
1445 2509 1503 2564 τῶν

256 2602 406 2665 ὀπισθίων.
520 2600 592 2682 (70)
622 2599 685 2684 ἔχει
715 2602 747 2663 δέ
776 2602 824 2663 καὶ
854 2600 904 2662 δύο
936 2600 1062 2683 μαστούς
1091 2600 1163 2662 κατὰ
1192 2601 1243 2670 τὰς
1273 2604 1427 2688 μασχάλας
1456 2605 1504 2667 καὶ

259 2709 392 2787 μυκτῆρα
415 2699 440 2787 ᾦ
464 2706 569 2786 χρῆται
593 2705 633 2770 ῶς
653 2703 735 2787 χειρί.
821 2702 894 2785 (Ἠ)
920 2705 1033 2784 γλῶττα
1056 2703 1142 2786 μικρά
1164 2704 1212 2766 καὶ
1235 2706 1450 2789 δυσθεώρητος.

257 2805 328 2888 (72)
351 2804 414 2889 ἔχει
437 2806 469 2868 δέ
491 2805 538 2867 καλ
561 2804 669 2867 αἰδοῖον
692 2804 812 2888 όάρρην
836 2805 934 2887 ύμοιον
950 2802 1042 2889 ίππιρ,
1067 2806 1165 2890 μικρὸν
1188 2806 1220 2868 δὲ
1242 2809 1282 2875 ῶς
1305 2805 1367 2870 καθ’
1386 2807 1504 2870 ἑαυτόν·

219 2924 246 2969 κο
260 2908 325 2977 τοὺς
348 2909 380 2971 δὲ
403 2906 500 2992 όρχεις
518 2904 581 2991 ἔχει
602 2905 654 2968 οὐκ
677 2905 743 2985 ἔξω,
766 2907 825 2969 ἀλλ’
846 2908 925 2976 ἐντός
947 2907 1026 2991 παρὰ
1046 2913 1105 2976 τοῖς
1127 2913 1250 2993 νεφροῖς.
1337 2910 1409 2992 (73)
1432 2935 1450 2993 η
1473 2911 1506 2973 δὲ

258 3013 364 3095 θήλεια
386 3013 438 3094 την
461 3009 545 3094 φύσιν
568 3006 632 3092 ἔχει
654 3009 754 3091 ὁμοίαν
771 3007 840 3094 όνιρ,
863 3012 1082 3095 ἀναπτυχθεῖσα
1098 3012 1130 3073 δέ
1145 3011 1181 3073 τὰ
1196 3012 1247 3094 μὲν
1263 3012 1338 3075 ἄλλα
1353 3014 1506 3097 σπλάγχνα

207 3200 239 3253 18
263 3198 276 3252 ὁ
296 3197 396 3267 ἐλέφας]
416 3197 448 3251 cf.
465 3198 520 3250 Δολ.
534 3201 589 3250 nat.
602 3213 681 3249 amm.
693 3197 729 3250 1v
742 3196 774 3249 31
794 3200 830 3265 (p.
843 3196 1034 3263 93‚17-94‚5›
1055 3199 1157 3259 Heroh.)
1298 3192 1459 3271 πολυσχὶδης]
1479 3202 1559 3253 Arist.

205 3302 290 3356 gener.
303 3282 445 3338 anim.A4
467 3302 492 3353 p.
505 3284 597 3337 77le
621 3283 635 3337 ό
656 3285 701 3353 γὰρ
723 3284 812 3353 ἐλέφας
834 3286 949 3352 μέγιστον
970 3291 1022 3336 τῶν
1044 3286 1131 3354 ζῴων,
1154 3285 1205 3338 ἔστι
1227 3287 1253 3339 δέ
1275 3287 1420 3358 πολυσχιδές

204 3373 238 3427 20
256 3371 404 3441 δακτύλους]
426 3374 480 3425 Αυλ.
493 3377 546 3425 nat.
558 3373 638 3425 anim.
652 3373 686 3424 IV
697 3372 728 3422 31
748 3374 784 3439 (p.
795 3371 837 3435 93,
847 3373 876 3423 18
895 3373 996 3435 Herch.)
1017 3372 1069 3442 ἔχει
1088 3373 1113 3425 δέ
1132 3375 1174 3425 καὶ
1191 3374 1248 3426 καθ’
1264 3374 1369 3427 ἕκαστον
1388 3376 1451 3429 πόδα
1469 3374 1559 3428 δακτύ-

205 3462 263 3520 λους
286 3461 373 3523 πέντε,
396 3459 576 3528 ὑποφαίνοντας
600 3460 645 3527 μὲν
669 3460 713 3517 τὰς
738 3459 867 3528 ἐκφύσεις,
890 3459 918 3510 ού
943 3460 994 3528 μὴν
1018 3458 1160 3518 διεστῶτας.
1198 3462 1230 3513 cf.
1250 3463 1328 3514 Arist.
1343 3464 1403 3516 hist.
1415 3466 1495 3517 anim.
1509 3461 1557 3516 ssl

206 3565 231 3618 p.
241 3547 350 3601 49712‘22
368 3546 440 3605 οὗτος
452 3547 478 3599 δέ
496 3549 527 3599 τά
539 3565 565 3599 τε
584 3548 637 3617 περὶ
651 3548 707 3605 τοὺς
725 3547 862 3606 δακτύλους
880 3545 1096 3619 άδιαρθρωτύτερα
1109 3547 1161 3618 ἔχει
1178 3554 1230 3600 τῶν
1245 3549 1328 3600 ποδῶν
1348 3552 1436 3603 καὶτὰ
1454 3550 1561 3621 πρόσθια

206 3635 283 3706 σκέλη
302 3634 389 3704 πολληῖ
410 3634 496 3702 μείζω.
533 3633 583 3686 ἔστι
604 3635 630 3687 δέ
648 3633 847 3686 πενταδάκτυλον
866 3633 986 3706 καὶπρὸς
1008 3641 1058 3691 τοῖς
1076 3633 1196 3692 ὀπισθίοις
1214 3636 1311 3688 σκέλεσι
1333 3639 1413 3709 σφυρὰ
1431 3638 1483 3707 ἔχει
1503 3638 1561 3707 βρα-

206 3725 254 3794 χέα
372 3720 405 3774 22
429 3719 549 3790 μαστούς]
569 3723 648 3774 Arist.
666 3723 682 3774 l.
696 3738 717 3774 c.
736 3738 762 3789 p.
774 3721 882 3773 500u18
907 3722 1012 3790 καὶγὰρ
1032 3721 1044 3772 ό
1065 3720 1154 3789 ἐλέφας
1173 3721 1225 3791 ἔχει
1243 3724 1300 3781 τοὺς
1318 3726 1427 3791 μαστούς
1445 3725 1488 3777 δύο
1507 3726 1562 3794 περὶ

206 3811 250 3867 τὰς
269 3808 399 3879 μασχάλας
504 3808 538 3860 ⁴23
561 3808 690 3880 μυκτῆρα]
710 3808 1026 3875 Arist.1.c.p.4971›2>⁴3
1050 3808 1102 3878 ἔχει
1121 3809 1146 3860 δέ
1165 3815 1282 3879 μυκτῆρα
1300 3817 1412 3863 τοιοῦτον
1432 3814 1474 3865 καὶ
1493 3812 1560 3882 τηλι-

207 3901 299 3950 κοῦτον
316 3895 381 3948 ῶστε
400 3896 454 3948 ἀντὶ
471 3902 562 3966 χειρῶν
584 3896 650 3966 ἐχειν
671 3896 746 3949 αὐτόν
886 3894 996 3964 γλῶττα]
1018 3897 1096 3948 Arist.
1114 3894 1228 3949 1.e.ssss
1248 3914 1272 3964 p.
1286 3898 1376 3950 5022ss
1401 3898 1515 3967 γλῶτταν
1535 3900 1561 3952 δέ

207 3984 260 4053 ἐχιι
278 3984 369 4052 μικράν
387 4001 415 4036 τι
433 3983 528 4054 σφόδρα
545 3985 589 4037 καλ
607 3984 689 4047 ἐντός,
710 3981 775 4034 ὥστε
797 3982 867 4054 ἔργον
887 3983 947 4035 εἶναι
966 3983 1022 4034 ἰδεῖν
1164 3983 1197 4035 24
1220 3984 1323 4051 αἰδοῖον]
1343 3988 1423 4038 Arist.
1441 3987 1457 4037 Ι.
1471 4004 1493 4039 ο.
1509 3984 1532 4039 Β
1548 3989 1559 4039 l

207 4087 233 4139 p.
243 4070 335 4123 5001>ss
354 4069 406 4141 ἐχει
424 4070 450 4123 δὲ
468 4073 511 4124 καὶ
530 4070 543 4123 δ
563 4071 652 4140 ἐλέφας
669 4070 699 4123 τδ
717 4070 808 4123 αἰδοῖον
827 4069 911 4136 ὅμοιον
927 4071 972 4138 μὲν
990 4070 1067 4139 ἵππῳ,
1086 4071 1175 4140 μικρὸν
1193 4071 1219 4123 δὲ
1238 4074 1281 4124 καὶ
1300 4072 1328 4124 ού
1347 4075 1413 4125 κατὰ
1431 4073 1504 4141 λόγον
1516 4080 1561 4126 τοῦ

209 4157 334 4224 σώματος,
351 4158 409 4217 τοὺς
427 4157 446 4211 δ’
461 4157 543 4228 δρχτις
562 4158 608 4211 ούκ
627 4157 676 4218 ἔξω
694 4155 823 4228 φανερούς,
841 4156 892 4209 ἀλλ’
908 4157 977 4215 ἐντὸς
996 4160 1049 4227 περὶ
1067 4159 1124 4216 τοὺς
1142 4158 1244 4229 νεφρούς
1362 4162 1395 4213 26
1420 4160 1561 4232 σπλάγχνα]

209 4245 289 4297 Arist.
305 4245 323 4296 1.
336 4259 358 4297 c.
372 4242 394 4297 B
406 4238 438 4296 17
456 4261 481 4313 p.
494 4244 602 4298 507b37
628 4245 670 4297 καὶ
689 4246 720 4297 τὰ
738 4244 865 4314 σπλάγχνα
884 4245 936 4313 ἔχει
954 4244 1112 4315 παραπλήσια
1129 4253 1179 4303 τοῖς
1198 4246 1278 4311 θείοις,
1298 4246 1362 4316 πλὴν
1380 4248 1409 4300 τό
1429 4250 1474 4316 μέν
1494 4249 1561 4322 Ιἧπαρ

209 4330 386 4400 τετραπλάσιον
404 4337 449 4384 τοῦ
469 4333 550 4400 βοείου
568 4333 612 4385 καὶ
629 4331 716 4397 τᾶλλα,
734 4332 777 4384 τόν
796 4332 822 4384 δὲ
841 4331 939 4401 σπλῆνα
957 4332 1053 4384 ἐλάττω
1070 4331 1086 4403 ἢ
1106 4334 1172 4385 κατὰ
1190 4333 1262 4404 λόγον

213 4489 224 4539 l
251 4487 304 4544 ἑνὸς
321 4487 409 4539 phou:
432 4488 517 4540 om.D
630 4488 738 4557 ἡμίσεως
757 4489 832 4540 Phot.
850 4488 959 4541 Bekkeri
1070 4489 1085 4540 4
1111 4497 1230 4559 πηγμαῖοι
1249 4490 1269 4541 Ι)
1382 4492 1468 4560 μέχρις
1486 4493 1563 4545 Phot.

211 4574 226 4625 6
249 4574 359 4625 fortasse
376 4573 460 4626 αὐτῶν
576 4574 593 4627 8
617 4576 693 4644 μέγαν
712 4574 820 4643 φύσωσιν
839 4575 927 4627 Ρίιοῑ.;
950 4575 1014 4643 μέγα
1032 4574 1127 4644 φύωσιν
1148 4578 1168 4629 Ι)
1290 4578 1318 4629 ll
1345 4579 1388 4630 καὶ
1407 4576 1488 4638 οὕτως
1506 4579 1559 4632 ἀνθ’

209 4661 308 4728 ἱματίου
326 4666 378 4717 ταῖς
396 4659 474 4730 θριξὶν
493 4662 647 4731 ἀμπέχονται
665 4663 700 4714 D:
726 4663 852 4731 χρώμενοι
870 4662 954 4719 αύταῖς
973 4661 1026 4713 ἀνθ’
1044 4664 1140 4729 ἱματίου
1160 4665 1234 4716 ΡΙιοί.
1371 4667 1400 4716 12
1425 4666 1508 4725 αὺτοῖς
1528 4668 1562 4720 D:

211 4748 295 4799 αὐτῶν
314 4748 388 4800 I'hot.
524 4749 554 4800 17
580 4750 656 4818 μείζω
676 4751 762 4802 Ρθοῒ.;
786 4750 868 4818 μεῖζον
889 4751 908 4801 θ
1043 4752 1072 4802 λθ
1098 4753 1191 4821 χιαζων
1210 4754 1316 4819 scripsi:
1344 4756 1451 4823 σχιάζων
1473 4756 1492 4807 D

212 4834 245 4886 22
269 4834 418 4903 μασθοὺςθ
