<?xml version="1.0" encoding="UTF-8"?>
<!DOCTYPE html PUBLIC "-//W3C//DTD XHTML 1.0 Transitional//EN"
    "http://www.w3.org/TR/xhtml1/DTD/xhtml1-transitional.dtd">
<html xmlns="http://www.w3.org/1999/xhtml" xml:lang="en" lang="en">
 <head>
  <title>
</title>
<meta http-equiv="Content-Type" content="text/html;charset=utf-8" />
  <meta name='ocr-system' content='tesseract 3.04.00' />
  <meta name='ocr-capabilities' content='ocr_page ocr_carea ocr_par ocr_line ocrx_word'/>
</head>
<body>
  <div class='ocr_page' id='page_1' title='image "./supplementumari01arisgoog_0366.png"; bbox 0 0 3510 5610; ppageno 0'>
   <div class='ocr_carea' id='block_1_1' title="bbox 565 336 1596 407">
    <p class='ocr_par' dir='ltr' id='par_1_1' title="bbox 565 336 1596 407">
     <span class='ocr_line' id='line_1_1' title="bbox 565 336 1596 407; baseline 0.017 -16"><span class='ocrx_word' id='word_1_1' title='bbox 565 336 803 401; x_wconf 77' lang='lat' dir='ltr'>METAPHRASIS</span> <span class='ocrx_word' id='word_1_2' title='bbox 823 336 856 390; x_wconf 86' lang='lat' dir='ltr'>IN</span> <span class='ocrx_word' id='word_1_3' title='bbox 876 338 1154 394; x_wconf 75' lang='lat' dir='ltr'><strong>THEOPHRASTUM</strong></span> <span class='ocrx_word' id='word_1_4' title='bbox 1497 343 1539 407; x_wconf 84' lang='lat'>35</span> <span class='ocrx_word' id='word_1_5' title='bbox 1590 352 1596 362; x_wconf 83' lang='grc'><strong>”</strong></span> 
     </span>
    </p>
   </div>
   <div class='ocr_carea' id='block_1_2' title="bbox 189 507 1612 3268">
    <p class='ocr_par' dir='ltr' id='par_1_2' title="bbox 189 507 1612 3268">
     <span class='ocr_line' id='line_1_2' title="bbox 242 507 1485 603; baseline 0.002 -29"><span class='ocrx_word' id='word_1_6' title='bbox 242 513 283 580; x_wconf 86' lang='grc' dir='ltr'>ὑς</span> <span class='ocrx_word' id='word_1_7' title='bbox 305 511 353 575; x_wconf 84' lang='grc' dir='ltr'>ἐπὶ</span> <span class='ocrx_word' id='word_1_8' title='bbox 375 510 552 594; x_wconf 82' lang='grc' dir='ltr'>αἰσθήσεως,</span> <span class='ocrx_word' id='word_1_9' title='bbox 574 507 646 572; x_wconf 86' lang='grc' dir='ltr'>ἔνθα</span> <span class='ocrx_word' id='word_1_10' title='bbox 668 509 715 573; x_wconf 79' lang='grc' dir='ltr'>διὰ</span> <span class='ocrx_word' id='word_1_11' title='bbox 736 515 789 593; x_wconf 77' lang='grc' dir='ltr'>τῆς</span> <span class='ocrx_word' id='word_1_12' title='bbox 811 515 868 573; x_wconf 88' lang='grc' dir='ltr'>τῶν</span> <span class='ocrx_word' id='word_1_13' title='bbox 888 511 1084 596; x_wconf 76' lang='grc' dir='ltr'>αἰσθητηρίων</span> <span class='ocrx_word' id='word_1_14' title='bbox 1106 513 1249 595; x_wconf 84' lang='grc' dir='ltr'>κινήσεως</span> <span class='ocrx_word' id='word_1_15' title='bbox 1270 515 1289 598; x_wconf 89' lang='grc' dir='ltr'>ἡ</span> <span class='ocrx_word' id='word_1_16' title='bbox 1312 519 1370 577; x_wconf 84' lang='grc' dir='ltr'>τῶν</span> <span class='ocrx_word' id='word_1_17' title='bbox 1392 512 1485 603; x_wconf 89' lang='grc' dir='ltr'>λόγων</span> 
     </span>
     <span class='ocr_line' id='line_1_3' title="bbox 239 609 1485 700; baseline 0.003 -24"><span class='ocrx_word' id='word_1_18' title='bbox 239 614 344 695; x_wconf 91' lang='grc' dir='ltr'>γίνεται</span> <span class='ocrx_word' id='word_1_19' title='bbox 360 614 500 697; x_wconf 79' lang='grc' dir='ltr'>προβολή,</span> <span class='ocrx_word' id='word_1_20' title='bbox 522 612 571 675; x_wconf 80' lang='grc' dir='ltr'>καὶ</span> <span class='ocrx_word' id='word_1_21' title='bbox 585 613 658 695; x_wconf 79' lang='grc' dir='ltr'>αὕτη</span> <span class='ocrx_word' id='word_1_22' title='bbox 681 617 739 674; x_wconf 84' lang='grc' dir='ltr'>τῶν</span> <span class='ocrx_word' id='word_1_23' title='bbox 755 609 811 681; x_wconf 74' lang='grc' dir='ltr'>ἔξω</span> <span class='ocrx_word' id='word_1_24' title='bbox 832 612 970 696; x_wconf 74' lang='grc' dir='ltr'>κειμένων</span> <span class='ocrx_word' id='word_1_25' title='bbox 993 613 1066 677; x_wconf 90' lang='grc' dir='ltr'>οὑσα</span> <span class='ocrx_word' id='word_1_26' title='bbox 1083 615 1265 700; x_wconf 80' lang='grc' dir='ltr'>θεωρητική·</span> <span class='ocrx_word' id='word_1_27' title='bbox 1288 617 1364 679; x_wconf 82' lang='grc' dir='ltr'>ἀλλὰ</span> <span class='ocrx_word' id='word_1_28' title='bbox 1378 621 1485 700; x_wconf 82' lang='grc' dir='ltr'>νοεριὺς</span> 
     </span>
     <span class='ocr_line' id='line_1_4' title="bbox 243 701 1486 802; baseline 0.004 -24"><span class='ocrx_word' id='word_1_29' title='bbox 243 716 290 778; x_wconf 83' lang='grc' dir='ltr'>ἐπὶ</span> <span class='ocrx_word' id='word_1_30' title='bbox 306 701 357 780; x_wconf 81' lang='grc' dir='ltr'>νοὺ</span> <span class='ocrx_word' id='word_1_31' title='bbox 372 716 418 780; x_wconf 79' lang='grc' dir='ltr'>καὶ</span> <span class='ocrx_word' id='word_1_32' title='bbox 434 716 467 778; x_wconf 92' lang='grc' dir='ltr'>τδ</span> <span class='ocrx_word' id='word_1_33' title='bbox 489 715 634 799; x_wconf 79' lang='grc' dir='ltr'>δυνάμει</span> <span class='ocrx_word' id='word_1_34' title='bbox 656 715 705 777; x_wconf 82' lang='grc' dir='ltr'>καί</span> <span class='ocrx_word' id='word_1_35' title='bbox 719 714 753 777; x_wconf 89' lang='grc' dir='ltr'>τδ</span> <span class='ocrx_word' id='word_1_36' title='bbox 776 715 932 799; x_wconf 72' lang='grc' dir='ltr'>ἐνεργείᾳ</span> <span class='ocrx_word' id='word_1_37' title='bbox 955 715 1043 779; x_wconf 86' lang='grc' dir='ltr'>είναι</span> <span class='ocrx_word' id='word_1_38' title='bbox 1065 716 1105 779; x_wconf 90' lang='grc' dir='ltr'>τά</span> <span class='ocrx_word' id='word_1_39' title='bbox 1119 719 1302 801; x_wconf 91' lang='grc' dir='ltr'>πράγματα</span> <span class='ocrx_word' id='word_1_40' title='bbox 1323 718 1486 802; x_wconf 76' lang='grc' dir='ltr'>ληπτέον·</span> 
     </span>
     <span class='ocr_line' id='line_1_5' title="bbox 208 815 1486 906; baseline 0.002 -25"><span class='ocrx_word' id='word_1_41' title='bbox 208 873 217 888; x_wconf 86' lang='grc'>.</span> <span class='ocrx_word' id='word_1_42' title='bbox 241 816 309 882; x_wconf 86' lang='grc' dir='ltr'>καθ’</span> <span class='ocrx_word' id='word_1_43' title='bbox 338 819 442 882; x_wconf 86' lang='grc' dir='ltr'>ένωσιν</span> <span class='ocrx_word' id='word_1_44' title='bbox 472 819 523 901; x_wconf 82' lang='grc' dir='ltr'>μὲν</span> <span class='ocrx_word' id='word_1_45' title='bbox 550 817 703 902; x_wconf 70' lang='grc' dir='ltr'>ἀμέριστον</span> <span class='ocrx_word' id='word_1_46' title='bbox 730 818 778 880; x_wconf 83' lang='grc' dir='ltr'>καί</span> <span class='ocrx_word' id='word_1_47' title='bbox 805 815 872 901; x_wconf 88' lang='grc' dir='ltr'>ὑρον</span> <span class='ocrx_word' id='word_1_48' title='bbox 899 818 1041 903; x_wconf 80' lang='grc' dir='ltr'>ἀκραιφνῆ</span> <span class='ocrx_word' id='word_1_49' title='bbox 1069 821 1116 882; x_wconf 82' lang='grc' dir='ltr'>καὶ</span> <span class='ocrx_word' id='word_1_50' title='bbox 1143 819 1309 906; x_wconf 69' lang='grc' dir='ltr'>τελειότητα</span> <span class='ocrx_word' id='word_1_51' title='bbox 1334 823 1486 905; x_wconf 87' lang='grc' dir='ltr'>ἡνωμένην</span> 
     </span>
     <span class='ocr_line' id='line_1_6' title="bbox 213 918 1487 1006; baseline 0.005 -26"><span class='ocrx_word' id='word_1_52' title='bbox 213 923 274 985; x_wconf 77' lang='grc' dir='ltr'>στδ</span> <span class='ocrx_word' id='word_1_53' title='bbox 301 922 428 1006; x_wconf 76' lang='grc' dir='ltr'>ἐνεργείᾳ</span> <span class='ocrx_word' id='word_1_54' title='bbox 455 957 496 966; x_wconf 90' lang='grc'>-</span> <span class='ocrx_word' id='word_1_55' title='bbox 522 918 585 984; x_wconf 82' lang='grc' dir='ltr'>ἔστι</span> <span class='ocrx_word' id='word_1_56' title='bbox 610 919 665 1003; x_wconf 82' lang='grc' dir='ltr'>γάρ</span> <span class='ocrx_word' id='word_1_57' title='bbox 693 921 709 983; x_wconf 88' lang='grc' dir='ltr'>ὑ</span> <span class='ocrx_word' id='word_1_58' title='bbox 731 919 858 1004; x_wconf 76' lang='grc' dir='ltr'>ἐνεργείᾳ</span> <span class='ocrx_word' id='word_1_59' title='bbox 884 925 950 990; x_wconf 85' lang='grc' dir='ltr'>νοὺς</span> <span class='ocrx_word' id='word_1_60' title='bbox 975 921 1011 983; x_wconf 89' lang='grc' dir='ltr'>τά</span> <span class='ocrx_word' id='word_1_61' title='bbox 1033 923 1186 1005; x_wconf 89' lang='grc' dir='ltr'>πράγματα</span> <span class='ocrx_word' id='word_1_62' title='bbox 1212 922 1246 985; x_wconf 91' lang='grc' dir='ltr'>οὑ</span> <span class='ocrx_word' id='word_1_63' title='bbox 1273 923 1346 986; x_wconf 81' lang='grc' dir='ltr'>κατὰ</span> <span class='ocrx_word' id='word_1_64' title='bbox 1373 923 1487 1006; x_wconf 75' lang='grc' dir='ltr'>μέθεξιν</span> 
     </span>
     <span class='ocr_line' id='line_1_7' title="bbox 241 1018 1485 1112; baseline 0.002 -25"><span class='ocrx_word' id='word_1_65' title='bbox 241 1024 309 1087; x_wconf 84' lang='grc' dir='ltr'>οὑδὲ</span> <span class='ocrx_word' id='word_1_66' title='bbox 330 1023 529 1109; x_wconf 89' lang='grc' dir='ltr'>διηρημένως,</span> <span class='ocrx_word' id='word_1_67' title='bbox 549 1018 616 1087; x_wconf 83' lang='grc' dir='ltr'>,οὐδ’</span> <span class='ocrx_word' id='word_1_68' title='bbox 645 1024 686 1091; x_wconf 89' lang='grc' dir='ltr'>ιὺς</span> <span class='ocrx_word' id='word_1_69' title='bbox 708 1021 809 1098; x_wconf 86' lang='grc' dir='ltr'>ἀλλος,</span> <span class='ocrx_word' id='word_1_70' title='bbox 839 1021 913 1112; x_wconf 41' lang='grc' dir='ltr'>ἀλλ’.</span> <span class='ocrx_word' id='word_1_71' title='bbox 930 1019 990 1086; x_wconf 81' lang='grc' dir='ltr'>οὐδ’</span> <span class='ocrx_word' id='word_1_72' title='bbox 1019 1026 1060 1093; x_wconf 85' lang='grc' dir='ltr'>ιὺς</span> <span class='ocrx_word' id='word_1_73' title='bbox 1083 1025 1247 1108; x_wconf 74' lang='grc' dir='ltr'>ὁριζόμενος</span> <span class='ocrx_word' id='word_1_74' title='bbox 1273 1022 1320 1088; x_wconf 82' lang='grc' dir='ltr'>ὑπ’</span> <span class='ocrx_word' id='word_1_75' title='bbox 1348 1026 1485 1110; x_wconf 80' lang='grc' dir='ltr'>αὑτῶνὴ</span> 
     </span>
     <span class='ocr_line' id='line_1_8' title="bbox 242 1123 1487 1212; baseline 0.002 -23"><span class='ocrx_word' id='word_1_76' title='bbox 242 1126 452 1209; x_wconf 87' lang='grc' dir='ltr'>τελειοὺμενυς·</span> <span class='ocrx_word' id='word_1_77' title='bbox 476 1125 571 1195; x_wconf 80' lang='grc' dir='ltr'>ὡςδὲ</span> <span class='ocrx_word' id='word_1_78' title='bbox 593 1123 680 1194; x_wconf 83' lang='grc' dir='ltr'>αὑτός</span> <span class='ocrx_word' id='word_1_79' title='bbox 700 1125 743 1187; x_wconf 79' lang='grc' dir='ltr'>,ὢν</span> <span class='ocrx_word' id='word_1_80' title='bbox 765 1124 801 1187; x_wconf 79' lang='grc' dir='ltr'>τὰ</span> <span class='ocrx_word' id='word_1_81' title='bbox 817 1125 976 1209; x_wconf 65' lang='grc' dir='ltr'>,πράγματα</span> <span class='ocrx_word' id='word_1_82' title='bbox 998 1127 1046 1189; x_wconf 85' lang='grc' dir='ltr'>καὶ</span> <span class='ocrx_word' id='word_1_83' title='bbox 1069 1127 1085 1189; x_wconf 89' lang='grc' dir='ltr'>ὑ</span> <span class='ocrx_word' id='word_1_84' title='bbox 1108 1128 1223 1190; x_wconf 92' lang='grc' dir='ltr'>πάντων</span> <span class='ocrx_word' id='word_1_85' title='bbox 1245 1127 1311 1210; x_wconf 89' lang='grc' dir='ltr'>όρος</span> <span class='ocrx_word' id='word_1_86' title='bbox 1333 1128 1381 1191; x_wconf 84' lang='grc' dir='ltr'>καλ</span> <span class='ocrx_word' id='word_1_87' title='bbox 1396 1130 1422 1212; x_wconf 87' lang='grc' dir='ltr'>ἡ</span> <span class='ocrx_word' id='word_1_88' title='bbox 1445 1152 1487 1193; x_wconf 93' lang='grc' dir='ltr'>τε·</span> 
     </span>
     <span class='ocr_line' id='line_1_9' title="bbox 242 1225 1488 1316; baseline 0.003 -25"><span class='ocrx_word' id='word_1_89' title='bbox 242 1228 355 1313; x_wconf 80' lang='grc' dir='ltr'>λειότης</span> <span class='ocrx_word' id='word_1_90' title='bbox 383 1265 423 1274; x_wconf 93' lang='lat'><em>-</em></span> <span class='ocrx_word' id='word_1_91' title='bbox 449 1229 523 1292; x_wconf 87' lang='grc' dir='ltr'>κατά</span> <span class='ocrx_word' id='word_1_92' title='bbox 544 1228 576 1291; x_wconf 83' lang='grc' dir='ltr'>δὲ</span> <span class='ocrx_word' id='word_1_93' title='bbox 601 1228 653 1310; x_wconf 85' lang='grc' dir='ltr'>τὴν</span> <span class='ocrx_word' id='word_1_94' title='bbox 682 1225 748 1310; x_wconf 83' lang='grc' dir='ltr'>μεθ’</span> <span class='ocrx_word' id='word_1_95' title='bbox 777 1226 944 1311; x_wconf 78' lang='grc' dir='ltr'>ἑτερότητος</span> <span class='ocrx_word' id='word_1_96' title='bbox 970 1230 1099 1313; x_wconf 77' lang='grc' dir='ltr'>συναφὴν</span> <span class='ocrx_word' id='word_1_97' title='bbox 1126 1230 1173 1292; x_wconf 81' lang='grc' dir='ltr'>καὶ</span> <span class='ocrx_word' id='word_1_98' title='bbox 1195 1231 1248 1313; x_wconf 79' lang='grc' dir='ltr'>τὴν</span> <span class='ocrx_word' id='word_1_99' title='bbox 1274 1230 1316 1299; x_wconf 87' lang='grc' dir='ltr'>είς</span> <span class='ocrx_word' id='word_1_100' title='bbox 1341 1232 1374 1294; x_wconf 85' lang='grc' dir='ltr'>τδ</span> <span class='ocrx_word' id='word_1_101' title='bbox 1398 1231 1488 1316; x_wconf 74' lang='grc' dir='ltr'>ὑριζό-</span> 
     </span>
     <span class='ocr_line' id='line_1_10' title="bbox 245 1327 1488 1417; baseline 0.002 -23"><span class='ocrx_word' id='word_1_102' title='bbox 245 1331 330 1414; x_wconf 93' lang='grc' dir='ltr'>μενόν</span> <span class='ocrx_word' id='word_1_103' title='bbox 356 1356 419 1401; x_wconf 93' lang='grc' dir='ltr'>πως</span> <span class='ocrx_word' id='word_1_104' title='bbox 444 1333 493 1395; x_wconf 84' lang='grc' dir='ltr'>καὶ</span> <span class='ocrx_word' id='word_1_105' title='bbox 516 1329 711 1413; x_wconf 86' lang='grc' dir='ltr'>τελειυὺμενον</span> <span class='ocrx_word' id='word_1_106' title='bbox 738 1327 877 1415; x_wconf 87' lang='grc' dir='ltr'>ὑπόβασιν</span> <span class='ocrx_word' id='word_1_107' title='bbox 904 1331 937 1393; x_wconf 90' lang='grc' dir='ltr'>τδ</span> <span class='ocrx_word' id='word_1_108' title='bbox 958 1331 1090 1414; x_wconf 81' lang='grc' dir='ltr'>δυνάμει,</span> <span class='ocrx_word' id='word_1_109' title='bbox 1117 1332 1336 1417; x_wconf 87' lang='grc' dir='ltr'>διαφανέστερον</span> <span class='ocrx_word' id='word_1_110' title='bbox 1367 1335 1419 1417; x_wconf 84' lang='grc' dir='ltr'>μὲν</span> <span class='ocrx_word' id='word_1_111' title='bbox 1441 1335 1488 1398; x_wconf 82' lang='grc' dir='ltr'>ἐπὶ</span> 
     </span>
     <span class='ocr_line' id='line_1_11' title="bbox 204 1416 1604 1520; baseline 0.002 -25"><span class='ocrx_word' id='word_1_112' title='bbox 204 1450 232 1495; x_wconf 86' lang='lat'>10</span> <span class='ocrx_word' id='word_1_113' title='bbox 244 1440 295 1519; x_wconf 76' lang='grc' dir='ltr'>τῆς</span> <span class='ocrx_word' id='word_1_114' title='bbox 317 1438 435 1518; x_wconf 76' lang='grc' dir='ltr'>λογικῆς</span> <span class='ocrx_word' id='word_1_115' title='bbox 456 1439 555 1519; x_wconf 74' lang='grc' dir='ltr'>ψυχῆς</span> <span class='ocrx_word' id='word_1_116' title='bbox 581 1437 634 1516; x_wconf 79' lang='grc' dir='ltr'>τῆς</span> <span class='ocrx_word' id='word_1_117' title='bbox 656 1430 823 1516; x_wconf 76' lang='grc' dir='ltr'>ἑτερότητος</span> <span class='ocrx_word' id='word_1_118' title='bbox 844 1432 1066 1518; x_wconf 85' lang='grc' dir='ltr'>ἐκφαινομένης,</span> <span class='ocrx_word' id='word_1_119' title='bbox 1093 1436 1135 1503; x_wconf 82' lang='grc' dir='ltr'>ὡς</span> <span class='ocrx_word' id='word_1_120' title='bbox 1156 1435 1204 1497; x_wconf 85' lang='grc' dir='ltr'>καὶ</span> <span class='ocrx_word' id='word_1_121' title='bbox 1225 1437 1245 1518; x_wconf 88' lang='grc' dir='ltr'>ἡ</span> <span class='ocrx_word' id='word_1_122' title='bbox 1269 1435 1378 1519; x_wconf 81' lang='grc' dir='ltr'>θεωρία</span> <span class='ocrx_word' id='word_1_123' title='bbox 1399 1435 1489 1520; x_wconf 80' lang='grc' dir='ltr'>αὑτῆς</span> <span class='ocrx_word' id='word_1_124' title='bbox 1600 1416 1604 1425; x_wconf 39' lang='lat'>¹</span> 
     </span>
     <span class='ocr_line' id='line_1_12' title="bbox 243 1534 1488 1622; baseline -0.002 -20"><span class='ocrx_word' id='word_1_125' title='bbox 243 1540 328 1622; x_wconf 88' lang='grc' dir='ltr'>δηλοῖ</span> <span class='ocrx_word' id='word_1_126' title='bbox 348 1538 422 1621; x_wconf 84' lang='grc' dir='ltr'>μετὰ</span> <span class='ocrx_word' id='word_1_127' title='bbox 431 1535 595 1619; x_wconf 51' lang='grc' dir='ltr'>,άνελίξεως</span> <span class='ocrx_word' id='word_1_128' title='bbox 617 1534 829 1620; x_wconf 87' lang='grc' dir='ltr'>συναιρουμένη</span> <span class='ocrx_word' id='word_1_129' title='bbox 853 1539 912 1604; x_wconf 87' lang='grc' dir='ltr'>τοῖς</span> <span class='ocrx_word' id='word_1_130' title='bbox 933 1540 1085 1617; x_wconf 84' lang='grc' dir='ltr'>γνωστοῖς,</span> <span class='ocrx_word' id='word_1_131' title='bbox 1111 1534 1178 1603; x_wconf 83' lang='grc' dir='ltr'>οὔτε</span> <span class='ocrx_word' id='word_1_132' title='bbox 1199 1537 1273 1622; x_wconf 80' lang='grc' dir='ltr'>αὑτὴ</span> <span class='ocrx_word' id='word_1_133' title='bbox 1296 1540 1389 1621; x_wconf 83' lang='grc' dir='ltr'>πάντη</span> <span class='ocrx_word' id='word_1_134' title='bbox 1414 1561 1488 1622; x_wconf 82' lang='grc' dir='ltr'>μερι·</span> 
     </span>
     <span class='ocr_line' id='line_1_13' title="bbox 243 1635 1497 1725; baseline -0.002 -21"><span class='ocrx_word' id='word_1_135' title='bbox 243 1641 347 1704; x_wconf 82' lang='grc' dir='ltr'>σθεῐσα</span> <span class='ocrx_word' id='word_1_136' title='bbox 369 1637 436 1703; x_wconf 80' lang='grc' dir='ltr'>οὔτε</span> <span class='ocrx_word' id='word_1_137' title='bbox 458 1642 598 1703; x_wconf 75' lang='grc' dir='ltr'>διαστᾶσα</span> <span class='ocrx_word' id='word_1_138' title='bbox 620 1643 678 1701; x_wconf 82' lang='grc' dir='ltr'>τῶν</span> <span class='ocrx_word' id='word_1_139' title='bbox 700 1638 889 1721; x_wconf 73' lang='grc' dir='ltr'>πραγμάτων·</span> <span class='ocrx_word' id='word_1_140' title='bbox 921 1635 954 1699; x_wconf 88' lang='grc' dir='ltr'>οὑ</span> <span class='ocrx_word' id='word_1_141' title='bbox 976 1637 1031 1723; x_wconf 83' lang='grc' dir='ltr'>γάρ</span> <span class='ocrx_word' id='word_1_142' title='bbox 1055 1636 1088 1701; x_wconf 87' lang='grc' dir='ltr'>ἀν</span> <span class='ocrx_word' id='word_1_143' title='bbox 1111 1639 1152 1708; x_wconf 92' lang='grc' dir='ltr'>είς</span> <span class='ocrx_word' id='word_1_144' title='bbox 1173 1641 1206 1703; x_wconf 89' lang='grc' dir='ltr'>τδ</span> <span class='ocrx_word' id='word_1_145' title='bbox 1229 1640 1382 1725; x_wconf 79' lang='grc' dir='ltr'>ἀμέριστον</span> <span class='ocrx_word' id='word_1_146' title='bbox 1405 1658 1497 1722; x_wconf 88' lang='grc' dir='ltr'>συνη··</span> 
     </span>
     <span class='ocr_line' id='line_1_14' title="bbox 244 1739 1489 1828; baseline 0.001 -24"><span class='ocrx_word' id='word_1_147' title='bbox 244 1747 337 1828; x_wconf 86' lang='grc' dir='ltr'>ρεῖτο,</span> <span class='ocrx_word' id='word_1_148' title='bbox 364 1739 426 1805; x_wconf 76' lang='grc' dir='ltr'>οὐδ’</span> <span class='ocrx_word' id='word_1_149' title='bbox 453 1739 487 1804; x_wconf 86' lang='grc' dir='ltr'>ἀν</span> <span class='ocrx_word' id='word_1_150' title='bbox 514 1739 560 1825; x_wconf 82' lang='grc' dir='ltr'>ἐφ’</span> <span class='ocrx_word' id='word_1_151' title='bbox 590 1741 694 1824; x_wconf 81' lang='grc' dir='ltr'>ἑαυτῆς</span> <span class='ocrx_word' id='word_1_152' title='bbox 721 1741 769 1802; x_wconf 84' lang='grc' dir='ltr'>καὶ</span> <span class='ocrx_word' id='word_1_153' title='bbox 795 1739 825 1801; x_wconf 83' lang='grc' dir='ltr'>ἐν</span> <span class='ocrx_word' id='word_1_154' title='bbox 852 1739 944 1822; x_wconf 78' lang='grc' dir='ltr'>έαυτὴ</span> <span class='ocrx_word' id='word_1_155' title='bbox 971 1739 1093 1826; x_wconf 85' lang='grc' dir='ltr'>ἐθεώρει</span> <span class='ocrx_word' id='word_1_156' title='bbox 1120 1742 1156 1805; x_wconf 85' lang='grc' dir='ltr'>τὰ</span> <span class='ocrx_word' id='word_1_157' title='bbox 1177 1745 1304 1825; x_wconf 85' lang='grc' dir='ltr'>γνωστά·</span> <span class='ocrx_word' id='word_1_158' title='bbox 1338 1741 1402 1806; x_wconf 83' lang='grc' dir='ltr'>ἀλλ’</span> <span class='ocrx_word' id='word_1_159' title='bbox 1429 1743 1489 1806; x_wconf 82' lang='grc' dir='ltr'>οἷον</span> 
     </span>
     <span class='ocr_line' id='line_1_15' title="bbox 242 1841 1489 1930; baseline -0.001 -21"><span class='ocrx_word' id='word_1_160' title='bbox 242 1843 465 1930; x_wconf 77' lang='grc' dir='ltr'>κεχαλασμένην</span> <span class='ocrx_word' id='word_1_161' title='bbox 487 1841 599 1928; x_wconf 83' lang='grc' dir='ltr'>ἔχουσα</span> <span class='ocrx_word' id='word_1_162' title='bbox 620 1843 672 1926; x_wconf 80' lang='grc' dir='ltr'>τὴν</span> <span class='ocrx_word' id='word_1_163' title='bbox 687 1843 759 1926; x_wconf 81' lang='grc' dir='ltr'>πρὸς</span> <span class='ocrx_word' id='word_1_164' title='bbox 781 1841 817 1904; x_wconf 83' lang='grc' dir='ltr'>τὰ</span> <span class='ocrx_word' id='word_1_165' title='bbox 838 1843 992 1925; x_wconf 91' lang='grc' dir='ltr'>πράγματα</span> <span class='ocrx_word' id='word_1_166' title='bbox 1015 1842 1125 1907; x_wconf 80' lang='grc' dir='ltr'>ἕνωσιν.</span> <span class='ocrx_word' id='word_1_167' title='bbox 1163 1846 1206 1908; x_wconf 88' lang='grc' dir='ltr'>διδ</span> <span class='ocrx_word' id='word_1_168' title='bbox 1228 1847 1276 1908; x_wconf 85' lang='grc' dir='ltr'>καὶ</span> <span class='ocrx_word' id='word_1_169' title='bbox 1296 1845 1416 1930; x_wconf 78' lang='grc' dir='ltr'>ἤρτηται</span> <span class='ocrx_word' id='word_1_170' title='bbox 1438 1851 1489 1909; x_wconf 87' lang='grc' dir='ltr'>τοὺ</span> 
     </span>
     <span class='ocr_line' id='line_1_16' title="bbox 204 1945 1490 2034; baseline 0.002 -24"><span class='ocrx_word' id='word_1_171' title='bbox 204 1964 231 2010; x_wconf 72' lang='lat'>15</span> <span class='ocrx_word' id='word_1_172' title='bbox 244 1945 595 2034; x_wconf 83' lang='grc' dir='ltr'>ἀκραιφνῶςὴνωμένου,</span> <span class='ocrx_word' id='word_1_173' title='bbox 617 1947 664 2007; x_wconf 90' lang='grc' dir='ltr'>καὶ</span> <span class='ocrx_word' id='word_1_174' title='bbox 687 1945 777 2028; x_wconf 87' lang='grc' dir='ltr'>ταὺτη</span> <span class='ocrx_word' id='word_1_175' title='bbox 801 1945 928 2027; x_wconf 75' lang='grc' dir='ltr'>δυνάμει</span> <span class='ocrx_word' id='word_1_176' title='bbox 973 1945 1193 2031; x_wconf 77' lang='grc' dir='ltr'>διαφανέστερος</span> <span class='ocrx_word' id='word_1_177' title='bbox 1215 1948 1267 2030; x_wconf 79' lang='grc' dir='ltr'>μὲν</span> <span class='ocrx_word' id='word_1_178' title='bbox 1290 1946 1340 2012; x_wconf 86' lang='grc' dir='ltr'>οὑν</span> <span class='ocrx_word' id='word_1_179' title='bbox 1362 1949 1378 2011; x_wconf 92' lang='grc' dir='ltr'>ό</span> <span class='ocrx_word' id='word_1_180' title='bbox 1401 1952 1490 2033; x_wconf 87' lang='grc' dir='ltr'>χαλα-</span> 
     </span>
     <span class='ocr_line' id='line_1_17' title="bbox 244 2045 1489 2137; baseline -0.002 -22"><span class='ocrx_word' id='word_1_181' title='bbox 244 2054 316 2137; x_wconf 84' lang='grc' dir='ltr'>σμδς</span> <span class='ocrx_word' id='word_1_182' title='bbox 338 2049 421 2119; x_wconf 85' lang='grc' dir='ltr'>οὖτος</span> <span class='ocrx_word' id='word_1_183' title='bbox 447 2050 495 2112; x_wconf 83' lang='grc' dir='ltr'>ἐπὶ</span> <span class='ocrx_word' id='word_1_184' title='bbox 517 2053 569 2133; x_wconf 81' lang='grc' dir='ltr'>τὴς</span> <span class='ocrx_word' id='word_1_185' title='bbox 590 2053 703 2133; x_wconf 76' lang='grc' dir='ltr'>ψυχῆς,</span> <span class='ocrx_word' id='word_1_186' title='bbox 734 2045 791 2130; x_wconf 76' lang='grc' dir='ltr'>ἤδη</span> <span class='ocrx_word' id='word_1_187' title='bbox 814 2047 846 2109; x_wconf 84' lang='grc' dir='ltr'>δὲ</span> <span class='ocrx_word' id='word_1_188' title='bbox 872 2048 920 2110; x_wconf 84' lang='grc' dir='ltr'>καὶ</span> <span class='ocrx_word' id='word_1_189' title='bbox 948 2047 995 2109; x_wconf 88' lang='grc' dir='ltr'>ἐπὶ</span> <span class='ocrx_word' id='word_1_190' title='bbox 1024 2052 1075 2111; x_wconf 81' lang='grc' dir='ltr'>τοῦ</span> <span class='ocrx_word' id='word_1_191' title='bbox 1098 2051 1295 2135; x_wconf 81' lang='grc' dir='ltr'>μετεχομένου</span> <span class='ocrx_word' id='word_1_192' title='bbox 1323 2048 1370 2115; x_wconf 79' lang='grc' dir='ltr'>ὑπ’</span> <span class='ocrx_word' id='word_1_193' title='bbox 1398 2051 1489 2134; x_wconf 81' lang='grc' dir='ltr'>αὑτῆς</span> 
     </span>
     <span class='ocr_line' id='line_1_18' title="bbox 244 2141 1491 2236; baseline -0.003 -17"><span class='ocrx_word' id='word_1_194' title='bbox 244 2141 310 2230; x_wconf 73' lang='grc' dir='ltr'>νοῦ,</span> <span class='ocrx_word' id='word_1_195' title='bbox 337 2153 384 2217; x_wconf 86' lang='grc' dir='ltr'>διὰ</span> <span class='ocrx_word' id='word_1_196' title='bbox 406 2153 458 2236; x_wconf 82' lang='grc' dir='ltr'>τὴν</span> <span class='ocrx_word' id='word_1_197' title='bbox 481 2150 620 2235; x_wconf 83' lang='grc' dir='ltr'>ὑπόβασιν</span> <span class='ocrx_word' id='word_1_198' title='bbox 647 2150 696 2213; x_wconf 84' lang='grc' dir='ltr'>καὶ</span> <span class='ocrx_word' id='word_1_199' title='bbox 723 2149 918 2233; x_wconf 83' lang='grc' dir='ltr'>μετεχομένου</span> <span class='ocrx_word' id='word_1_200' title='bbox 945 2150 992 2213; x_wconf 85' lang='grc' dir='ltr'>καὶ</span> <span class='ocrx_word' id='word_1_201' title='bbox 1019 2153 1069 2212; x_wconf 82' lang='grc' dir='ltr'>τοῦ</span> <span class='ocrx_word' id='word_1_202' title='bbox 1095 2152 1246 2235; x_wconf 86' lang='grc' dir='ltr'>ἡνωμένου</span> <span class='ocrx_word' id='word_1_203' title='bbox 1272 2155 1320 2216; x_wconf 83' lang='grc' dir='ltr'>καί</span> <span class='ocrx_word' id='word_1_204' title='bbox 1342 2156 1491 2222; x_wconf 80' lang='grc' dir='ltr'>παντελῶς</span> 
     </span>
     <span class='ocr_line' id='line_1_19' title="bbox 244 2250 1489 2341; baseline -0.002 -20"><span class='ocrx_word' id='word_1_205' title='bbox 244 2258 400 2341; x_wconf 86' lang='grc' dir='ltr'>ἀμερίστου</span> <span class='ocrx_word' id='word_1_206' title='bbox 430 2254 500 2338; x_wconf 88' lang='grc' dir='ltr'>όρου</span> <span class='ocrx_word' id='word_1_207' title='bbox 522 2252 740 2337; x_wconf 81' lang='grc' dir='ltr'>άπηωρημένου</span> <span class='ocrx_word' id='word_1_208' title='bbox 769 2253 817 2314; x_wconf 83' lang='grc' dir='ltr'>καὶ</span> <span class='ocrx_word' id='word_1_209' title='bbox 845 2250 894 2314; x_wconf 86' lang='grc' dir='ltr'>ὑπ’</span> <span class='ocrx_word' id='word_1_210' title='bbox 921 2251 1032 2315; x_wconf 85' lang='grc' dir='ltr'>ἐκεῖνυυ</span> <span class='ocrx_word' id='word_1_211' title='bbox 1058 2252 1121 2316; x_wconf 84' lang='grc' dir='ltr'>κατ’</span> <span class='ocrx_word' id='word_1_212' title='bbox 1149 2255 1248 2339; x_wconf 83' lang='grc' dir='ltr'>οὐσίαν</span> <span class='ocrx_word' id='word_1_213' title='bbox 1274 2256 1489 2339; x_wconf 86' lang='grc' dir='ltr'>τελειουμένου·</span> 
     </span>
     <span class='ocr_line' id='line_1_20' title="bbox 244 2354 1492 2443; baseline -0.003 -19"><span class='ocrx_word' id='word_1_214' title='bbox 244 2361 289 2424; x_wconf 90' lang='grc' dir='ltr'>διδ</span> <span class='ocrx_word' id='word_1_215' title='bbox 312 2361 440 2443; x_wconf 80' lang='grc' dir='ltr'>δυνάμει.</span> <span class='ocrx_word' id='word_1_216' title='bbox 484 2356 548 2420; x_wconf 84' lang='grc' dir='ltr'>ἀλλ’</span> <span class='ocrx_word' id='word_1_217' title='bbox 577 2356 640 2419; x_wconf 82' lang='grc' dir='ltr'>ἐπεὶ</span> <span class='ocrx_word' id='word_1_218' title='bbox 662 2357 710 2417; x_wconf 82' lang='grc' dir='ltr'>καὶ</span> <span class='ocrx_word' id='word_1_219' title='bbox 733 2355 819 2422; x_wconf 88' lang='grc' dir='ltr'>αὑτὸς</span> <span class='ocrx_word' id='word_1_220' title='bbox 841 2354 994 2438; x_wconf 82' lang='grc' dir='ltr'>ἀμέριστος</span> <span class='ocrx_word' id='word_1_221' title='bbox 1020 2357 1067 2418; x_wconf 84' lang='grc' dir='ltr'>καί</span> <span class='ocrx_word' id='word_1_222' title='bbox 1090 2356 1123 2419; x_wconf 88' lang='grc' dir='ltr'>οὑ</span> <span class='ocrx_word' id='word_1_223' title='bbox 1150 2359 1223 2421; x_wconf 81' lang='grc' dir='ltr'>κατὰ</span> <span class='ocrx_word' id='word_1_224' title='bbox 1244 2358 1401 2423; x_wconf 87' lang='grc' dir='ltr'>ἀπόστασιν</span> <span class='ocrx_word' id='word_1_225' title='bbox 1423 2357 1492 2422; x_wconf 81' lang='grc' dir='ltr'>οὑδὲ</span> 
     </span>
     <span class='ocr_line' id='line_1_21' title="bbox 203 2457 1492 2543; baseline 0.001 -19"><span class='ocrx_word' id='word_1_226' title='bbox 203 2479 231 2524; x_wconf 78' lang='grc' dir='ltr'>νυ</span> <span class='ocrx_word' id='word_1_227' title='bbox 244 2462 292 2527; x_wconf 88' lang='grc' dir='ltr'>διά</span> <span class='ocrx_word' id='word_1_228' title='bbox 313 2464 469 2530; x_wconf 78' lang='grc' dir='ltr'>παντελοῦς</span> <span class='ocrx_word' id='word_1_229' title='bbox 492 2459 659 2543; x_wconf 81' lang='grc' dir='ltr'>ἑτερότητος</span> <span class='ocrx_word' id='word_1_230' title='bbox 683 2458 741 2520; x_wconf 84' lang='grc' dir='ltr'>ἀπὸ</span> <span class='ocrx_word' id='word_1_231' title='bbox 763 2461 814 2520; x_wconf 86' lang='grc' dir='ltr'>τοὺ</span> <span class='ocrx_word' id='word_1_232' title='bbox 837 2459 953 2540; x_wconf 83' lang='grc' dir='ltr'>πρώτου</span> <span class='ocrx_word' id='word_1_233' title='bbox 975 2457 1084 2543; x_wconf 88' lang='grc' dir='ltr'>ὑπέβη,</span> <span class='ocrx_word' id='word_1_234' title='bbox 1108 2459 1155 2523; x_wconf 79' lang='grc' dir='ltr'>διὰ</span> <span class='ocrx_word' id='word_1_235' title='bbox 1175 2465 1260 2524; x_wconf 80' lang='grc' dir='ltr'>τοῦτο</span> <span class='ocrx_word' id='word_1_236' title='bbox 1282 2460 1350 2525; x_wconf 86' lang='grc' dir='ltr'>οὔτε</span> <span class='ocrx_word' id='word_1_237' title='bbox 1373 2465 1413 2531; x_wconf 85' lang='grc' dir='ltr'>ὡς</span> <span class='ocrx_word' id='word_1_238' title='bbox 1434 2462 1492 2524; x_wconf 78' lang='grc' dir='ltr'>ἑτε-</span> 
     </span>
     <span class='ocr_line' id='line_1_22' title="bbox 246 2558 1492 2651; baseline -0.002 -22"><span class='ocrx_word' id='word_1_239' title='bbox 246 2566 391 2651; x_wconf 87' lang='grc' dir='ltr'>ροκίνητος</span> <span class='ocrx_word' id='word_1_240' title='bbox 413 2561 480 2626; x_wconf 82' lang='grc' dir='ltr'>οὔτε</span> <span class='ocrx_word' id='word_1_241' title='bbox 502 2566 543 2631; x_wconf 84' lang='grc' dir='ltr'>ὡς</span> <span class='ocrx_word' id='word_1_242' title='bbox 565 2558 613 2647; x_wconf 86' lang='grc' dir='ltr'>ὑφ’</span> <span class='ocrx_word' id='word_1_243' title='bbox 642 2560 741 2644; x_wconf 81' lang='grc' dir='ltr'>ἑτέρου</span> <span class='ocrx_word' id='word_1_244' title='bbox 763 2561 935 2630; x_wconf 84' lang='grc' dir='ltr'>τελειοῦται,</span> <span class='ocrx_word' id='word_1_245' title='bbox 962 2559 1026 2623; x_wconf 84' lang='grc' dir='ltr'>ἀλλ’</span> <span class='ocrx_word' id='word_1_246' title='bbox 1054 2561 1155 2624; x_wconf 85' lang='grc' dir='ltr'>ἑαυτόν</span> <span class='ocrx_word' id='word_1_247' title='bbox 1181 2565 1229 2626; x_wconf 82' lang='grc' dir='ltr'>καὶ</span> <span class='ocrx_word' id='word_1_248' title='bbox 1252 2569 1295 2650; x_wconf 75' lang='grc' dir='ltr'>τῷ</span> <span class='ocrx_word' id='word_1_249' title='bbox 1318 2565 1428 2628; x_wconf 84' lang='grc' dir='ltr'>ἐκείνου</span> <span class='ocrx_word' id='word_1_250' title='bbox 1450 2587 1492 2626; x_wconf 87' lang='grc' dir='ltr'>τε·</span> 
     </span>
     <span class='ocr_line' id='line_1_23' title="bbox 246 2653 1493 2751; baseline -0.001 -20"><span class='ocrx_word' id='word_1_251' title='bbox 246 2672 331 2732; x_wconf 83' lang='grc' dir='ltr'>λειῶν</span> <span class='ocrx_word' id='word_1_252' title='bbox 354 2666 425 2751; x_wconf 84' lang='grc' dir='ltr'>όριμ,</span> <span class='ocrx_word' id='word_1_253' title='bbox 449 2653 490 2734; x_wconf 81' lang='grc' dir='ltr'>δις</span> <span class='ocrx_word' id='word_1_254' title='bbox 508 2664 653 2749; x_wconf 86' lang='grc' dir='ltr'>δευτέρως</span> <span class='ocrx_word' id='word_1_255' title='bbox 672 2664 712 2725; x_wconf 83' lang='grc' dir='ltr'>ὢν</span> <span class='ocrx_word' id='word_1_256' title='bbox 736 2663 806 2745; x_wconf 85' lang='grc' dir='ltr'>ὑπερ</span> <span class='ocrx_word' id='word_1_257' title='bbox 827 2662 935 2731; x_wconf 86' lang='grc' dir='ltr'>ἐκεῖνος</span> <span class='ocrx_word' id='word_1_258' title='bbox 957 2663 1098 2726; x_wconf 82' lang='grc' dir='ltr'>καὶκατὰ</span> <span class='ocrx_word' id='word_1_259' title='bbox 1120 2665 1254 2750; x_wconf 91' lang='grc' dir='ltr'>δευτέραν</span> <span class='ocrx_word' id='word_1_260' title='bbox 1275 2667 1338 2729; x_wconf 87' lang='grc' dir='ltr'>τινά</span> <span class='ocrx_word' id='word_1_261' title='bbox 1358 2667 1493 2751; x_wconf 83' lang='grc' dir='ltr'>καὶπρὸς</span> 
     </span>
     <span class='ocr_line' id='line_1_24' title="bbox 189 2762 1578 2854; baseline -0.002 -20"><span class='ocrx_word' id='word_1_262' title='bbox 189 2835 192 2841; x_wconf 79' lang='grc'>,</span> <span class='ocrx_word' id='word_1_263' title='bbox 247 2772 355 2834; x_wconf 86' lang='grc' dir='ltr'>ἐκεῖνον</span> <span class='ocrx_word' id='word_1_264' title='bbox 382 2768 530 2854; x_wconf 78' lang='grc' dir='ltr'>ἡνωμένος</span> <span class='ocrx_word' id='word_1_265' title='bbox 556 2767 669 2829; x_wconf 87' lang='grc' dir='ltr'>ένωσιν.</span> <span class='ocrx_word' id='word_1_266' title='bbox 713 2765 805 2834; x_wconf 83' lang='grc' dir='ltr'>οὑτως</span> <span class='ocrx_word' id='word_1_267' title='bbox 827 2762 877 2827; x_wconf 87' lang='grc' dir='ltr'>οὑν</span> <span class='ocrx_word' id='word_1_268' title='bbox 900 2765 1039 2835; x_wconf 82' lang='grc' dir='ltr'>οἰκείως</span> <span class='ocrx_word' id='word_1_269' title='bbox 1065 2767 1102 2829; x_wconf 84' lang='grc' dir='ltr'>τό</span> <span class='ocrx_word' id='word_1_270' title='bbox 1125 2769 1270 2853; x_wconf 85' lang='grc' dir='ltr'>δυνάμει</span> <span class='ocrx_word' id='word_1_271' title='bbox 1296 2770 1343 2832; x_wconf 87' lang='grc' dir='ltr'>ἐπὶ</span> <span class='ocrx_word' id='word_1_272' title='bbox 1365 2774 1416 2833; x_wconf 84' lang='grc' dir='ltr'>τοὺ</span> <span class='ocrx_word' id='word_1_273' title='bbox 1442 2772 1492 2832; x_wconf 88' lang='grc' dir='ltr'>νοὺ</span> <span class='ocrx_word' id='word_1_274' title='bbox 1573 2803 1578 2815; x_wconf 86' lang='lat'><strong>·</strong></span> 
     </span>
     <span class='ocr_line' id='line_1_25' title="bbox 197 2867 1541 2959; baseline -0.001 -22"><span class='ocrx_word' id='word_1_275' title='bbox 197 2876 200 2881; x_wconf 78' lang='grc'><strong><em>’</em></strong></span> <span class='ocrx_word' id='word_1_276' title='bbox 246 2873 406 2959; x_wconf 89' lang='grc' dir='ltr'>ληπτέον.</span> <span class='ocrx_word' id='word_1_277' title='bbox 467 2868 529 2934; x_wconf 83' lang='grc' dir='ltr'>Καί</span> <span class='ocrx_word' id='word_1_278' title='bbox 543 2894 592 2952; x_wconf 87' lang='grc' dir='ltr'>μοι</span> <span class='ocrx_word' id='word_1_279' title='bbox 609 2871 691 2932; x_wconf 83' lang='grc' dir='ltr'>δοκεῖ</span> <span class='ocrx_word' id='word_1_280' title='bbox 703 2867 940 2951; x_wconf 81' lang='grc' dir='ltr'>ἐπισημήνασθαι</span> <span class='ocrx_word' id='word_1_281' title='bbox 955 2869 1104 2932; x_wconf 85' lang='grc' dir='ltr'>κάνταῦθα</span> <span class='ocrx_word' id='word_1_282' title='bbox 1119 2871 1151 2933; x_wconf 85' lang='grc' dir='ltr'>τό</span> <span class='ocrx_word' id='word_1_283' title='bbox 1167 2872 1238 2934; x_wconf 88' lang='grc' dir='ltr'>δεῖν</span> <span class='ocrx_word' id='word_1_284' title='bbox 1254 2872 1394 2940; x_wconf 82' lang='grc' dir='ltr'>οἰκείως</span> <span class='ocrx_word' id='word_1_285' title='bbox 1407 2874 1489 2955; x_wconf 82' lang='grc' dir='ltr'>λαμ·</span> <span class='ocrx_word' id='word_1_286' title='bbox 1509 2888 1541 2945; x_wconf 83' lang='grc'>18</span> 
     </span>
     <span class='ocr_line' id='line_1_26' title="bbox 206 2970 1494 3062; baseline 0.001 -24"><span class='ocrx_word' id='word_1_287' title='bbox 206 2993 234 3038; x_wconf 77' lang='lat'>25</span> <span class='ocrx_word' id='word_1_288' title='bbox 247 2978 365 3062; x_wconf 90' lang='grc' dir='ltr'>βάνειν</span> <span class='ocrx_word' id='word_1_289' title='bbox 388 2972 557 3056; x_wconf 89' lang='grc' dir='ltr'>ὑπιδόμενος</span> <span class='ocrx_word' id='word_1_290' title='bbox 586 2973 618 3035; x_wconf 92' lang='grc' dir='ltr'>τδ</span> <span class='ocrx_word' id='word_1_291' title='bbox 641 2970 770 3055; x_wconf 84' lang='grc' dir='ltr'>ἄγραφον</span> <span class='ocrx_word' id='word_1_292' title='bbox 799 2975 1006 3053; x_wconf 85' lang='grc' dir='ltr'>γραμματεῖον,</span> <span class='ocrx_word' id='word_1_293' title='bbox 1036 2972 1164 3036; x_wconf 82' lang='grc' dir='ltr'>ἐνταῦθά</span> <span class='ocrx_word' id='word_1_294' title='bbox 1185 2996 1241 3037; x_wconf 86' lang='grc' dir='ltr'>που</span> <span class='ocrx_word' id='word_1_295' title='bbox 1264 2974 1320 3036; x_wconf 84' lang='grc' dir='ltr'>ὑπὸ</span> <span class='ocrx_word' id='word_1_296' title='bbox 1347 2979 1398 3038; x_wconf 86' lang='grc' dir='ltr'>τοὺ</span> <span class='ocrx_word' id='word_1_297' title='bbox 1418 2972 1494 3060; x_wconf 84' lang='grc' dir='ltr'>Ἀρι·</span> 
     </span>
     <span class='ocr_line' id='line_1_27' title="bbox 247 3060 1493 3162; baseline -0.002 -18"><span class='ocrx_word' id='word_1_298' title='bbox 247 3080 398 3149; x_wconf 88' lang='grc' dir='ltr'>στοτέλους</span> <span class='ocrx_word' id='word_1_299' title='bbox 419 3080 460 3147; x_wconf 82' lang='grc' dir='ltr'>ίυς</span> <span class='ocrx_word' id='word_1_300' title='bbox 482 3076 663 3160; x_wconf 89' lang='grc' dir='ltr'>παράδειγμα</span> <span class='ocrx_word' id='word_1_301' title='bbox 685 3060 875 3156; x_wconf 79' lang='grc' dir='ltr'>τοὺδυνάμει</span> <span class='ocrx_word' id='word_1_302' title='bbox 897 3077 947 3136; x_wconf 84' lang='grc' dir='ltr'>νοὺ</span> <span class='ocrx_word' id='word_1_303' title='bbox 969 3073 1193 3159; x_wconf 87' lang='grc' dir='ltr'>προφερόμενον,</span> <span class='ocrx_word' id='word_1_304' title='bbox 1216 3076 1262 3139; x_wconf 83' lang='grc' dir='ltr'>ίνα</span> <span class='ocrx_word' id='word_1_305' title='bbox 1283 3078 1331 3140; x_wconf 83' lang='grc' dir='ltr'>καί</span> <span class='ocrx_word' id='word_1_306' title='bbox 1354 3078 1386 3140; x_wconf 88' lang='grc' dir='ltr'>τδ</span> <span class='ocrx_word' id='word_1_307' title='bbox 1408 3076 1493 3162; x_wconf 87' lang='grc' dir='ltr'>ἀγρα-</span> 
     </span>
     <span class='ocr_line' id='line_1_28' title="bbox 247 3173 1612 3268; baseline 0 -24"><span class='ocrx_word' id='word_1_308' title='bbox 247 3208 300 3268; x_wconf 82' lang='grc' dir='ltr'>φον</span> <span class='ocrx_word' id='word_1_309' title='bbox 332 3187 373 3251; x_wconf 83' lang='grc' dir='ltr'>ὡς</span> <span class='ocrx_word' id='word_1_310' title='bbox 398 3181 428 3244; x_wconf 88' lang='grc' dir='ltr'>ἐν</span> <span class='ocrx_word' id='word_1_311' title='bbox 451 3185 492 3264; x_wconf 78' lang='grc' dir='ltr'>νῷ</span> <span class='ocrx_word' id='word_1_312' title='bbox 523 3179 692 3261; x_wconf 73' lang='grc' dir='ltr'>θεωρῶμέν,</span> <span class='ocrx_word' id='word_1_313' title='bbox 726 3173 824 3260; x_wconf 87' lang='grc' dir='ltr'>ἔχοντι</span> <span class='ocrx_word' id='word_1_314' title='bbox 852 3175 904 3259; x_wconf 76' lang='grc' dir='ltr'>μέν</span> <span class='ocrx_word' id='word_1_315' title='bbox 933 3173 995 3239; x_wconf 84' lang='grc' dir='ltr'>κατ’</span> <span class='ocrx_word' id='word_1_316' title='bbox 1031 3176 1130 3240; x_wconf 87' lang='grc' dir='ltr'>οὑσίαν</span> <span class='ocrx_word' id='word_1_317' title='bbox 1163 3178 1199 3240; x_wconf 81' lang='grc' dir='ltr'>τὰ</span> <span class='ocrx_word' id='word_1_318' title='bbox 1227 3177 1291 3263; x_wconf 81' lang='grc' dir='ltr'>εἴδη</span> <span class='ocrx_word' id='word_1_319' title='bbox 1317 3182 1365 3243; x_wconf 90' lang='grc' dir='ltr'>κα1</span> <span class='ocrx_word' id='word_1_320' title='bbox 1398 3179 1494 3243; x_wconf 90' lang='grc' dir='ltr'>τέλεια</span> <span class='ocrx_word' id='word_1_321' title='bbox 1571 3182 1573 3186; x_wconf 71' lang='grc'>’</span> <span class='ocrx_word' id='word_1_322' title='bbox 1609 3229 1612 3235; x_wconf 80' lang='lat'>-</span> 
     </span>
    </p>
   </div>
   <div class='ocr_carea' id='block_1_3' title="bbox 207 3380 1606 3884">
    <p class='ocr_par' dir='ltr' id='par_1_3' title="bbox 207 3380 1606 3884">
     <span class='ocr_line' id='line_1_29' title="bbox 247 3380 1606 3473; baseline -0.005 -21"><span class='ocrx_word' id='word_1_323' title='bbox 247 3391 280 3452; x_wconf 89' lang='grc' dir='ltr'>τδ</span> <span class='ocrx_word' id='word_1_324' title='bbox 302 3389 357 3473; x_wconf 80' lang='grc' dir='ltr'>γὰρ</span> <span class='ocrx_word' id='word_1_325' title='bbox 383 3385 536 3471; x_wconf 82' lang='grc' dir='ltr'>ἀμέριστον</span> <span class='ocrx_word' id='word_1_326' title='bbox 565 3381 613 3445; x_wconf 84' lang='grc' dir='ltr'>καλ</span> <span class='ocrx_word' id='word_1_327' title='bbox 639 3381 789 3465; x_wconf 76' lang='grc' dir='ltr'>ἡνωμένον</span> <span class='ocrx_word' id='word_1_328' title='bbox 815 3385 868 3464; x_wconf 80' lang='grc' dir='ltr'>τῆς</span> <span class='ocrx_word' id='word_1_329' title='bbox 890 3380 1066 3466; x_wconf 87' lang='grc' dir='ltr'>τελειότητος</span> <span class='ocrx_word' id='word_1_330' title='bbox 1092 3383 1214 3447; x_wconf 86' lang='grc' dir='ltr'>ἐκεῖθεν.</span> <span class='ocrx_word' id='word_1_331' title='bbox 1257 3385 1404 3467; x_wconf 91' lang='grc' dir='ltr'>δυνάμει</span> <span class='ocrx_word' id='word_1_332' title='bbox 1434 3384 1493 3467; x_wconf 81' lang='grc' dir='ltr'>μὲν</span> <span class='ocrx_word' id='word_1_333' title='bbox 1597 3418 1606 3433; x_wconf 92' lang='lat'>·</span> 
     </span>
     <span class='ocr_line' id='line_1_30' title="bbox 207 3481 1492 3575; baseline -0.003 -22"><span class='ocrx_word' id='word_1_334' title='bbox 207 3491 288 3556; x_wconf 80' lang='grc' dir='ltr'>εοτά</span> <span class='ocrx_word' id='word_1_335' title='bbox 309 3489 416 3575; x_wconf 83' lang='grc' dir='ltr'>νοητά</span> <span class='ocrx_word' id='word_1_336' title='bbox 439 3489 455 3551; x_wconf 91' lang='grc' dir='ltr'>ὑ</span> <span class='ocrx_word' id='word_1_337' title='bbox 477 3486 624 3569; x_wconf 89' lang='grc' dir='ltr'>δυνάμει</span> <span class='ocrx_word' id='word_1_338' title='bbox 645 3488 743 3557; x_wconf 83' lang='grc' dir='ltr'>νοῦς,</span> <span class='ocrx_word' id='word_1_339' title='bbox 773 3485 813 3552; x_wconf 85' lang='grc' dir='ltr'>ὡς</span> <span class='ocrx_word' id='word_1_340' title='bbox 835 3481 905 3547; x_wconf 84' lang='grc' dir='ltr'>καθ’</span> <span class='ocrx_word' id='word_1_341' title='bbox 932 3482 1072 3568; x_wconf 84' lang='grc' dir='ltr'>ὑπόβασιν</span> <span class='ocrx_word' id='word_1_342' title='bbox 1095 3487 1148 3568; x_wconf 80' lang='grc' dir='ltr'>μὲν</span> <span class='ocrx_word' id='word_1_343' title='bbox 1170 3487 1218 3549; x_wconf 83' lang='grc' dir='ltr'>καὶ</span> <span class='ocrx_word' id='word_1_344' title='bbox 1245 3489 1318 3567; x_wconf 89' lang='grc' dir='ltr'>μετά</span> <span class='ocrx_word' id='word_1_345' title='bbox 1339 3510 1413 3556; x_wconf 85' lang='grc' dir='ltr'>τινος</span> <span class='ocrx_word' id='word_1_346' title='bbox 1434 3487 1492 3549; x_wconf 89' lang='grc' dir='ltr'>έτε-</span> 
     </span>
     <span class='ocr_line' id='line_1_31' title="bbox 248 3584 1494 3681; baseline -0.006 -23"><span class='ocrx_word' id='word_1_347' title='bbox 248 3588 392 3681; x_wconf 78' lang='grc' dir='ltr'>ρότητος,</span> <span class='ocrx_word' id='word_1_348' title='bbox 410 3588 475 3655; x_wconf 85' lang='grc' dir='ltr'>ἀλλ’</span> <span class='ocrx_word' id='word_1_349' title='bbox 504 3585 682 3673; x_wconf 85' lang='grc' dir='ltr'>ἐγειρόμενος</span> <span class='ocrx_word' id='word_1_350' title='bbox 705 3584 755 3669; x_wconf 79' lang='grc' dir='ltr'>ἀφ’</span> <span class='ocrx_word' id='word_1_351' title='bbox 784 3586 887 3649; x_wconf 80' lang='grc' dir='ltr'>ἑαυτοῦ</span> <span class='ocrx_word' id='word_1_352' title='bbox 913 3586 955 3655; x_wconf 85' lang='grc' dir='ltr'>είς</span> <span class='ocrx_word' id='word_1_353' title='bbox 980 3588 1031 3671; x_wconf 79' lang='grc' dir='ltr'>τὴν</span> <span class='ocrx_word' id='word_1_354' title='bbox 1054 3587 1112 3652; x_wconf 83' lang='grc' dir='ltr'>άπδ</span> <span class='ocrx_word' id='word_1_355' title='bbox 1135 3593 1184 3652; x_wconf 86' lang='grc' dir='ltr'>τοὺ</span> <span class='ocrx_word' id='word_1_356' title='bbox 1214 3592 1330 3673; x_wconf 86' lang='grc' dir='ltr'>πρώτου</span> <span class='ocrx_word' id='word_1_357' title='bbox 1353 3593 1403 3655; x_wconf 86' lang='grc' dir='ltr'>νοὺ</span> <span class='ocrx_word' id='word_1_358' title='bbox 1425 3588 1494 3670; x_wconf 91' lang='grc' dir='ltr'>ἀμέ-</span> 
     </span>
     <span class='ocr_line' id='line_1_32' title="bbox 247 3689 1493 3783; baseline -0.006 -22"><span class='ocrx_word' id='word_1_359' title='bbox 247 3719 340 3783; x_wconf 89' lang='grc' dir='ltr'>ριστον</span> <span class='ocrx_word' id='word_1_360' title='bbox 352 3693 534 3780; x_wconf 87' lang='grc' dir='ltr'>Ιτελειότητα·</span> <span class='ocrx_word' id='word_1_361' title='bbox 557 3693 684 3753; x_wconf 81' lang='grc' dir='ltr'>τοιοῦτον</span> <span class='ocrx_word' id='word_1_362' title='bbox 707 3689 760 3773; x_wconf 73' lang='grc' dir='ltr'>γὰρ</span> <span class='ocrx_word' id='word_1_363' title='bbox 783 3690 816 3751; x_wconf 88' lang='grc' dir='ltr'>τδ</span> <span class='ocrx_word' id='word_1_364' title='bbox 831 3689 929 3772; x_wconf 84' lang='grc' dir='ltr'>νοερὸν</span> <span class='ocrx_word' id='word_1_365' title='bbox 950 3691 1085 3775; x_wconf 82' lang='grc' dir='ltr'>δυνάμει·</span> <span class='ocrx_word' id='word_1_366' title='bbox 1108 3691 1311 3777; x_wconf 72' lang='grc' dir='ltr'>ἐντελεχείᾳ</span> <span class='ocrx_word' id='word_1_367' title='bbox 1333 3692 1370 3754; x_wconf 83' lang='grc' dir='ltr'>δὲ</span> <span class='ocrx_word' id='word_1_368' title='bbox 1392 3691 1493 3754; x_wconf 79' lang='grc' dir='ltr'>οὐδὲν</span> 
     </span>
     <span class='ocr_line' id='line_1_33' title="bbox 248 3792 1493 3884; baseline -0.006 -21"><span class='ocrx_word' id='word_1_369' title='bbox 248 3801 330 3884; x_wconf 83' lang='grc' dir='ltr'>πρὶν</span> <span class='ocrx_word' id='word_1_370' title='bbox 353 3802 460 3873; x_wconf 87' lang='grc' dir='ltr'>νοεῖν,</span> <span class='ocrx_word' id='word_1_371' title='bbox 481 3793 625 3859; x_wconf 85' lang='grc' dir='ltr'>τουτέστιν</span> <span class='ocrx_word' id='word_1_372' title='bbox 640 3792 694 3857; x_wconf 88' lang='grc' dir='ltr'>υὺκ</span> <span class='ocrx_word' id='word_1_373' title='bbox 709 3792 870 3878; x_wconf 86' lang='grc' dir='ltr'>άμερίστως</span> <span class='ocrx_word' id='word_1_374' title='bbox 886 3792 954 3856; x_wconf 82' lang='grc' dir='ltr'>οὑδὲ</span> <span class='ocrx_word' id='word_1_375' title='bbox 967 3793 1136 3878; x_wconf 85' lang='grc' dir='ltr'>ἡνωμένως,</span> <span class='ocrx_word' id='word_1_376' title='bbox 1159 3795 1223 3879; x_wconf 79' lang='grc' dir='ltr'>πρὶν</span> <span class='ocrx_word' id='word_1_377' title='bbox 1238 3793 1295 3856; x_wconf 89' lang='grc' dir='ltr'>ὑπδ</span> <span class='ocrx_word' id='word_1_378' title='bbox 1309 3796 1361 3856; x_wconf 88' lang='grc' dir='ltr'>τοὺ</span> <span class='ocrx_word' id='word_1_379' title='bbox 1376 3796 1493 3877; x_wconf 86' lang='grc' dir='ltr'>πρώτου</span> 
     </span>
    </p>
   </div>
   <div class='ocr_carea' id='block_1_4' title="bbox 195 4065 1493 4219">
    <p class='ocr_par' dir='ltr' id='par_1_4' title="bbox 195 4065 1493 4219">
     <span class='ocr_line' id='line_1_34' title="bbox 195 4065 1493 4148; baseline -0.009 -17"><span class='ocrx_word' id='word_1_380' title='bbox 195 4077 228 4131; x_wconf 83' lang='grc'>25</span> <span class='ocrx_word' id='word_1_381' title='bbox 247 4071 440 4148; x_wconf 77' lang='grc' dir='ltr'>Ἀριστοτίλουε]</span> <span class='ocrx_word' id='word_1_382' title='bbox 458 4070 547 4125; x_wconf 73' lang='lat'>43021</span> <span class='ocrx_word' id='word_1_383' title='bbox 660 4069 694 4122; x_wconf 87' lang='grc'>29</span> <span class='ocrx_word' id='word_1_384' title='bbox 713 4066 824 4136; x_wconf 80' lang='grc' dir='ltr'>δυνάμει]</span> <span class='ocrx_word' id='word_1_385' title='bbox 844 4067 876 4120; x_wconf 77' lang='grc' dir='ltr'>τί.</span> <span class='ocrx_word' id='word_1_386' title='bbox 896 4067 1004 4120; x_wconf 77' lang='grc' dir='ltr'>λιίείοῐ.</span> <span class='ocrx_word' id='word_1_387' title='bbox 1021 4068 1133 4120; x_wconf 69' lang='grc'><strong>429130</strong></span> <span class='ocrx_word' id='word_1_388' title='bbox 1238 4067 1272 4120; x_wconf 86' lang='grc'>32</span> <span class='ocrx_word' id='word_1_389' title='bbox 1291 4065 1442 4140; x_wconf 71' lang='grc' dir='ltr'>ἐντελεχείᾳ]</span> <span class='ocrx_word' id='word_1_390' title='bbox 1461 4066 1493 4120; x_wconf 81' lang='lat' dir='ltr'>cf.</span> 
     </span>
     <span class='ocr_line' id='line_1_35' title="bbox 195 4152 1328 4219; baseline -0.018 0"><span class='ocrx_word' id='word_1_391' title='bbox 195 4166 304 4219; x_wconf 76' lang='lat' dir='ltr'><strong>Aristot.</strong></span> <span class='ocrx_word' id='word_1_392' title='bbox 322 4161 429 4215; x_wconf 74' lang='lat' dir='ltr'>429b31</span> <span class='ocrx_word' id='word_1_393' title='bbox 535 4159 538 4165; x_wconf 71' lang='grc'><strong>’</strong></span> <span class='ocrx_word' id='word_1_394' title='bbox 1325 4152 1328 4157; x_wconf 58' lang='grc'><strong>“</strong></span> 
     </span>
    </p>
   </div>
   <div class='ocr_carea' id='block_1_5' title="bbox 164 4398 1495 5074">
    <p class='ocr_par' dir='ltr' id='par_1_5' title="bbox 164 4398 1495 5074">
     <span class='ocr_line' id='line_1_36' title="bbox 196 4398 1494 4471; baseline -0.007 -12"><span class='ocrx_word' id='word_1_395' title='bbox 196 4404 316 4462; x_wconf 81' lang='grc' dir='ltr'>θάλλως</span> <span class='ocrx_word' id='word_1_396' title='bbox 332 4404 372 4457; x_wconf 91' lang='lat' dir='ltr'>Pb</span> <span class='ocrx_word' id='word_1_397' title='bbox 461 4401 538 4454; x_wconf 81' lang='grc' dir='ltr'>αὑτοῦ</span> <span class='ocrx_word' id='word_1_398' title='bbox 556 4416 577 4452; x_wconf 83' lang='grc' dir='ltr'>ιν</span> <span class='ocrx_word' id='word_1_399' title='bbox 669 4400 698 4453; x_wconf 95' lang='grc'>11</span> <span class='ocrx_word' id='word_1_400' title='bbox 720 4399 913 4470; x_wconf 77' lang='grc' dir='ltr'>συναιριυμένης</span> <span class='ocrx_word' id='word_1_401' title='bbox 930 4415 952 4451; x_wconf 81' lang='lat' dir='ltr'><strong>w</strong></span> <span class='ocrx_word' id='word_1_402' title='bbox 1041 4398 1097 4452; x_wconf 78' lang='grc' dir='ltr'>οὑδδ</span> <span class='ocrx_word' id='word_1_403' title='bbox 1116 4400 1186 4470; x_wconf 71' lang='lat' dir='ltr'><strong>vfilg.</strong></span> <span class='ocrx_word' id='word_1_404' title='bbox 1277 4401 1308 4452; x_wconf 83' lang='grc'>14</span> <span class='ocrx_word' id='word_1_405' title='bbox 1326 4399 1494 4471; x_wconf 78' lang='grc' dir='ltr'>κεχαρισμένη</span> 
     </span>
     <span class='ocr_line' id='line_1_37' title="bbox 195 4476 1495 4564; baseline -0.005 -18"><span class='ocrx_word' id='word_1_406' title='bbox 195 4493 273 4546; x_wconf 80' lang='grc' dir='ltr'>λίΡδτ</span> <span class='ocrx_word' id='word_1_407' title='bbox 294 4491 513 4564; x_wconf 80' lang='grc' dir='ltr'>κεχωρισμένηΗ</span> <span class='ocrx_word' id='word_1_408' title='bbox 620 4489 652 4541; x_wconf 85' lang='grc'>15</span> <span class='ocrx_word' id='word_1_409' title='bbox 680 4476 831 4558; x_wconf 75' lang='grc' dir='ltr'>ἀκραιφνοῦς</span> <span class='ocrx_word' id='word_1_410' title='bbox 852 4504 899 4541; x_wconf 69' lang='grc' dir='ltr'>ιν4</span> <span class='ocrx_word' id='word_1_411' title='bbox 980 4486 1170 4559; x_wconf 88' lang='grc' dir='ltr'>διαφανίστερον</span> <span class='ocrx_word' id='word_1_412' title='bbox 1188 4504 1238 4540; x_wconf 89' lang='grc' dir='ltr'>νι-</span> <span class='ocrx_word' id='word_1_413' title='bbox 1318 4489 1348 4541; x_wconf 80' lang='lat'>17</span> <span class='ocrx_word' id='word_1_414' title='bbox 1377 4504 1495 4558; x_wconf 87' lang='grc' dir='ltr'>μετερχο·</span> 
     </span>
     <span class='ocr_line' id='line_1_38' title="bbox 196 4573 1495 4650; baseline -0.004 -18"><span class='ocrx_word' id='word_1_415' title='bbox 196 4581 272 4650; x_wconf 81' lang='grc' dir='ltr'>μένου</span> <span class='ocrx_word' id='word_1_416' title='bbox 291 4579 362 4632; x_wconf 84' lang='lat' dir='ltr'><strong>L¹M¹</strong></span> <span class='ocrx_word' id='word_1_417' title='bbox 452 4577 484 4632; x_wconf 88' lang='lat'>18</span> <span class='ocrx_word' id='word_1_418' title='bbox 502 4575 686 4646; x_wconf 80' lang='grc' dir='ltr'>τελειουμένυυ]</span> <span class='ocrx_word' id='word_1_419' title='bbox 705 4575 849 4644; x_wconf 87' lang='grc' dir='ltr'>λειουμίνου</span> <span class='ocrx_word' id='word_1_420' title='bbox 867 4575 900 4627; x_wconf 88' lang='lat' dir='ltr'>L¹</span> <span class='ocrx_word' id='word_1_421' title='bbox 990 4575 1021 4627; x_wconf 88' lang='grc'>19</span> <span class='ocrx_word' id='word_1_422' title='bbox 1040 4573 1077 4627; x_wconf 89' lang='grc' dir='ltr'>διδ</span> <span class='ocrx_word' id='word_1_423' title='bbox 1095 4576 1200 4643; x_wconf 81' lang='lat' dir='ltr'><strong>scripsi:</strong></span> <span class='ocrx_word' id='word_1_424' title='bbox 1218 4574 1248 4628; x_wconf 86' lang='grc' dir='ltr'>οδ</span> <span class='ocrx_word' id='word_1_425' title='bbox 1267 4577 1312 4629; x_wconf 86' lang='lat' dir='ltr'>L¹:</span> <span class='ocrx_word' id='word_1_426' title='bbox 1331 4575 1344 4628; x_wconf 90' lang='grc' dir='ltr'>δ</span> <span class='ocrx_word' id='word_1_427' title='bbox 1363 4575 1413 4628; x_wconf 83' lang='lat' dir='ltr'>L²b</span> <span class='ocrx_word' id='word_1_428' title='bbox 1432 4579 1495 4628; x_wconf 68' lang='grc' dir='ltr'>τοδε</span> 
     </span>
     <span class='ocr_line' id='line_1_39' title="bbox 196 4660 1495 4743; baseline -0.005 -22"><span class='ocrx_word' id='word_1_429' title='bbox 196 4667 250 4721; x_wconf 84' lang='grc' dir='ltr'>δτι</span> <span class='ocrx_word' id='word_1_430' title='bbox 362 4666 393 4719; x_wconf 93' lang='grc'>21</span> <span class='ocrx_word' id='word_1_431' title='bbox 415 4665 506 4734; x_wconf 71' lang='grc' dir='ltr'>ἑαυτὴν</span> <span class='ocrx_word' id='word_1_432' title='bbox 525 4682 578 4743; x_wconf 66' lang='grc' dir='ltr'>ιιι</span> <span class='ocrx_word' id='word_1_433' title='bbox 661 4662 756 4717; x_wconf 83' lang='grc' dir='ltr'>τελείαν</span> <span class='ocrx_word' id='word_1_434' title='bbox 774 4665 804 4717; x_wconf 90' lang='lat' dir='ltr'>b:</span> <span class='ocrx_word' id='word_1_435' title='bbox 823 4661 913 4715; x_wconf 89' lang='grc' dir='ltr'>τελειοῖ</span> <span class='ocrx_word' id='word_1_436' title='bbox 930 4678 952 4714; x_wconf 82' lang='lat' dir='ltr'><strong>w</strong></span> <span class='ocrx_word' id='word_1_437' title='bbox 1068 4661 1101 4714; x_wconf 89' lang='grc'>22</span> <span class='ocrx_word' id='word_1_438' title='bbox 1120 4660 1242 4733; x_wconf 75' lang='grc' dir='ltr'>δευτέρως</span> <span class='ocrx_word' id='word_1_439' title='bbox 1260 4663 1300 4730; x_wconf 87' lang='lat' dir='ltr'>(ut</span> <span class='ocrx_word' id='word_1_440' title='bbox 1317 4663 1430 4730; x_wconf 73' lang='lat' dir='ltr'>videtur)</span> <span class='ocrx_word' id='word_1_441' title='bbox 1450 4661 1495 4715; x_wconf 70' lang='grc' dir='ltr'>1ιί</span> 
     </span>
     <span class='ocr_line' id='line_1_40' title="bbox 196 4748 1426 4827; baseline -0.006 -17"><span class='ocrx_word' id='word_1_442' title='bbox 196 4755 311 4827; x_wconf 85' lang='grc' dir='ltr'>δεὺτερον</span> <span class='ocrx_word' id='word_1_443' title='bbox 330 4756 381 4809; x_wconf 79' lang='lat' dir='ltr'>bw:</span> <span class='ocrx_word' id='word_1_444' title='bbox 401 4751 513 4822; x_wconf 87' lang='grc' dir='ltr'>δεὺτερος</span> <span class='ocrx_word' id='word_1_445' title='bbox 527 4752 625 4816; x_wconf 66' lang='lat' dir='ltr'>vQV:</span> <span class='ocrx_word' id='word_1_446' title='bbox 644 4751 753 4823; x_wconf 83' lang='grc' dir='ltr'>δευτέρῳ</span> <span class='ocrx_word' id='word_1_447' title='bbox 771 4751 808 4804; x_wconf 91' lang='lat' dir='ltr'>B:</span> <span class='ocrx_word' id='word_1_448' title='bbox 827 4749 868 4802; x_wconf 85' lang='grc' dir='ltr'>δεὺ</span> <span class='ocrx_word' id='word_1_449' title='bbox 887 4750 941 4822; x_wconf 80' lang='grc' dir='ltr'>περὶ</span> <span class='ocrx_word' id='word_1_450' title='bbox 959 4749 1029 4802; x_wconf 81' lang='grc' dir='ltr'>ΗλίΡ</span> <span class='ocrx_word' id='word_1_451' title='bbox 1140 4748 1174 4801; x_wconf 87' lang='grc'>23</span> <span class='ocrx_word' id='word_1_452' title='bbox 1200 4750 1319 4820; x_wconf 79' lang='grc' dir='ltr'>ἡνωμένη</span> <span class='ocrx_word' id='word_1_453' title='bbox 1337 4750 1426 4803; x_wconf 81' lang='grc' dir='ltr'>ΗΜΡλ)</span> 
     </span>
     <span class='ocr_line' id='line_1_41' title="bbox 164 4829 1494 4915; baseline -0.007 -18"><span class='ocrx_word' id='word_1_454' title='bbox 164 4843 226 4897; x_wconf 77' lang='grc' dir='ltr'>’τὸ</span> <span class='ocrx_word' id='word_1_455' title='bbox 243 4836 410 4912; x_wconf 76' lang='grc' dir='ltr'>δυνάμει]“τῇ</span> <span class='ocrx_word' id='word_1_456' title='bbox 427 4841 529 4908; x_wconf 84' lang='grc' dir='ltr'>δυνάμει</span> <span class='ocrx_word' id='word_1_457' title='bbox 548 4841 637 4893; x_wconf 81' lang='grc' dir='ltr'><strong>Η11Ρθ</strong></span> <span class='ocrx_word' id='word_1_458' title='bbox 705 4839 750 4892; x_wconf 74' lang='grc'>’25</span> <span class='ocrx_word' id='word_1_459' title='bbox 769 4836 929 4915; x_wconf 85' lang='grc' dir='ltr'>ὑπειδόμενος</span> <span class='ocrx_word' id='word_1_460' title='bbox 947 4836 1017 4905; x_wconf 80' lang='lat' dir='ltr'><strong>vulg.</strong></span> <span class='ocrx_word' id='word_1_461' title='bbox 1097 4829 1251 4907; x_wconf 83' lang='grc' dir='ltr'>γραμμάτιον</span> <span class='ocrx_word' id='word_1_462' title='bbox 1269 4836 1317 4892; x_wconf 58' lang='grc' dir='ltr'>λε’,</span> <span class='ocrx_word' id='word_1_463' title='bbox 1381 4837 1414 4889; x_wconf 91' lang='grc'>28</span> <span class='ocrx_word' id='word_1_464' title='bbox 1433 4834 1494 4904; x_wconf 86' lang='grc' dir='ltr'>ὑπδ]</span> 
     </span>
     <span class='ocr_line' id='line_1_42' title="bbox 197 4919 1344 5000; baseline -0.006 -16"><span class='ocrx_word' id='word_1_465' title='bbox 197 4931 336 5000; x_wconf 61' lang='lat' dir='ltr'><strong>dub-vulg.</strong></span> <span class='ocrx_word' id='word_1_466' title='bbox 355 4930 443 4983; x_wconf 61' lang='lat' dir='ltr'>‘Mo</span> <span class='ocrx_word' id='word_1_467' title='bbox 461 4929 507 4998; x_wconf 77' lang='grc' dir='ltr'>μὶν</span> <span class='ocrx_word' id='word_1_468' title='bbox 525 4930 556 4981; x_wconf 84' lang='grc' dir='ltr'>τά</span> <span class='ocrx_word' id='word_1_469' title='bbox 575 4928 653 4999; x_wconf 82' lang='grc' dir='ltr'>νοητά</span> <span class='ocrx_word' id='word_1_470' title='bbox 671 4926 685 4980; x_wconf 91' lang='grc' dir='ltr'>ὑ</span> <span class='ocrx_word' id='word_1_471' title='bbox 703 4927 805 4996; x_wconf 83' lang='grc' dir='ltr'>δυνάμει</span> <span class='ocrx_word' id='word_1_472' title='bbox 824 4941 874 4979; x_wconf 88' lang='lat' dir='ltr'>om.</span> <span class='ocrx_word' id='word_1_473' title='bbox 894 4925 1005 4978; x_wconf 62' lang='lat' dir='ltr'>1³11wa</span> <span class='ocrx_word' id='word_1_474' title='bbox 1111 4919 1146 4975; x_wconf 84' lang='lat'>31&#39;</span> <span class='ocrx_word' id='word_1_475' title='bbox 1163 4924 1223 4995; x_wconf 85' lang='grc' dir='ltr'>ἀφ’]</span> <span class='ocrx_word' id='word_1_476' title='bbox 1241 4924 1283 4995; x_wconf 79' lang='grc' dir='ltr'>ἐφ’</span> <span class='ocrx_word' id='word_1_477' title='bbox 1303 4925 1344 4977; x_wconf 75' lang='lat' dir='ltr'>bw</span> 
     </span>
     <span class='ocr_line' id='line_1_43' title="bbox 1307 5009 1348 5074; baseline 0 -32"><span class='ocrx_word' id='word_1_478' title='bbox 1307 5009 1348 5074; x_wconf 65' lang='grc' dir='ltr'>ηε</span> 
     </span>
    </p>
   </div>
   <div class='ocr_carea' id='block_1_6' title="bbox 0 0 1766 5610">
    <p class='ocr_par' dir='ltr' id='par_1_6' title="bbox 0 0 1766 5610">
     <span class='ocr_line' id='line_1_44' title="bbox 0 0 1766 5610; baseline 0 0"><span class='ocrx_word' id='word_1_479' title='bbox 0 0 1766 5610; x_wconf 95' lang='lat' dir='ltr'> </span> 
     </span>
    </p>
   </div>
  </div>
 </body>
</html>
