3510 5610
394 266 645 319 ARISTOPHANIS
664 265 847 319 HlS'POltlAll
867 254 1059 319 ANlllAfflUll
1079 267 1225 318 lil‘lltlllll
1248 266 1388 319 131—35
1552 269 1569 331 7

265 439 317 501 δύο
351 440 382 502 δὲ
415 439 543 513 ἐκλέπει,
577 438 608 501 ἓν
638 439 670 501 δὲ
699 438 801 523 ψύχει,
831 438 963 522 καθάπερ
994 437 1144 509 Μουσαῖος
1173 440 1203 502 ἐν
1233 441 1292 509 τοῖς
1322 438 1403 508 ἰδίοις
1434 436 1518 502 ἔπεσί
1527 447 1557 504 21

265 562 352 626 φησιν
375 543 481 612 υύτως·
571 604 573 608 .

472 644 504 714 δς
525 645 588 728 τρίοι
611 644 663 726 μὲν
684 645 781 721 τίκτει,
804 644 855 708 δύο
878 640 903 707 δ’
925 643 1050 719 ἐκλέπει,
1073 644 1103 707 ἓν
1127 641 1151 707 δ’
1173 644 1306 727 ἀλεγίζει.
1530 662 1557 703 ιο

265 755 467 841 ἀκριβέστερον
490 756 522 818 δὲ
544 756 608 839 περὶ
631 755 719 818 αὐτοῦ
739 754 827 838 ἐντῷ
850 756 936 839 τρίτῳ
952 749 1135 839 διασαφήσω.
1199 755 1272 838 (32)
1293 755 1320 817 οἱ
1338 755 1370 818 δὲ
1385 755 1516 839 πέρδικες

238 850 391 922 οτίκτουσι
414 860 476 933 δύο,
498 858 560 920 εἶτα
582 859 752 941 ποιήσαντες
775 855 826 921 δύο
849 858 956 942 σηκούς
978 856 1046 920 ὅτε
1068 857 1157 942 ἄρρην
1177 859 1225 920 καὶ
1240 859 1259 941 ἡ
1276 858 1381 942 θήλεια
1397 857 1517 928 ἕκαστος

265 960 310 1043 ἐφ’
333 963 397 1030 ένδς
419 963 554 1038 κάθηται.
624 960 696 1043 (33)
719 961 735 1022 6
758 961 790 1022 δὲ
812 963 889 1023 ταὼν
911 963 999 1024 τίκτει
1023 961 1074 1044 μὲν
1097 960 1173 1029 ἅπαξ
1194 965 1244 1024 τοῦ
1268 958 1360 1037 ἔτους,
1382 961 1470 1024 τίκτει
1485 962 1517 1024 δὲ

262 1062 313 1150 ῳά
334 1067 459 1142 δώδεκα,
485 1068 575 1128 ταῦτα
597 1064 630 1127 δὲ
651 1064 705 1126 οὐκ
727 1063 768 1132 είς
790 1063 866 1133 ἅπαξ
887 1063 963 1127 ἀλλά
985 1062 1052 1148 παρ’
1073 1062 1198 1147 ἡμέραν·
1231 1064 1261 1126 αἱ
1284 1064 1316 1127 δὲ
1338 1063 1515 1148 πρωτοτόκοι
1529 1081 1556 1124 ιτ

263 1167 405 1231 τίκτουσιν
432 1168 520 1231 δκτώ.
563 1167 690 1229 τίκτουσι
717 1167 749 1229 δὲ
776 1167 823 1229 καί
851 1168 1009 1250 ὑπηνέμια,
1036 1166 1168 1249 καθάπερ
1197 1168 1244 1229 καὶ
1272 1167 1301 1229 αἱ
1325 1167 1513 1251 ἀλεκτοριδες.

264 1271 431 1334 ὑποτίθεται
449 1271 482 1333 δὲ
504 1270 552 1332 καὶ
574 1271 745 1354 ἀλεκτορίδι,
766 1270 800 1333 οὐ
823 1271 914 1332 πλείω
936 1269 994 1354 (ὲ)
1017 1271 1077 1346 δύο,
1101 1274 1158 1332 τῶν
1181 1273 1231 1331 τού
1254 1272 1325 1332 ταιύ.
1363 1269 1423 1332 ἀλλ’
1441 1271 1513 1355 ὑπὲρ

226 1388 252 1431 ιο
265 1374 317 1456 μὲν
340 1380 397 1436 τῶν
421 1371 625 1458 ιη’)οτοκούντων
648 1373 762 1436 πάντων
784 1372 825 1441 τίς
848 1373 864 1434 6
887 1372 947 1457 βίος
973 1374 1020 1436 καί
1048 1373 1063 1434 6
1086 1370 1171 1440 τόκος
1192 1371 1288 1435 αὐτῶν
1311 1373 1340 1436 ἐν
1362 1377 1405 1458 τῳ
1427 1375 1514 1460 τρίτῳ

265 1501 314 1560 μοι
336 1477 551 1561 δηλωθήσεται.

211 1596 260 1640 ιον
350 1579 422 1662 (34)
450 1577 517 1642 Τῶν
540 1578 572 1641 δὲ
599 1576 603 1662 ]
632 1577 761 1663 ἐντύμων
783 1578 819 1641 τὰ
841 1581 961 1641 πλεῖστα
984 1580 1156 1662 μετοπώρου
1185 1582 1307 1641 ποιεῖται
1331 1579 1384 1663 τὴν
1413 1580 1512 1666 ὀχείαν
1525 1598 1554 1642 ευ

266 1684 314 1747 καὶ
337 1683 385 1745 τὸν
408 1682 501 1745 τόκον.
1204 1737 1208 1746 ,

347 1785 419 1868 (35)
445 1785 585 1866 Διαπορεῖ
604 1784 637 1847 δὲ
656 1782 859 1868 Ἀριστοτέλης
881 1785 1011 1868 περὶτοῦ
1027 1782 1113 1846 τόκου
1128 1785 1161 1846 τὸ
1177 1781 1245 1846 όλον
1260 1784 1308 1847 καὶ
1322 1784 1388 1868 περὶ
1403 1790 1455 1869 τῆς
1469 1810 1512 1869 χε·

225 1906 251 1951 15
264 1890 372 1958 νέσεως
385 1893 443 1950 τῶν
460 1891 605 1969 μελισσῶν
621 1888 670 1950 καὶ
685 1884 805 1971 πότερον
821 1886 906 1972 ἅρρεν
922 1887 999 1950 ἐστὶν
1021 1889 1041 1970 {p
1059 1886 1191 1970 μέλισσα,
1215 1887 1231 1949 6
1251 1887 1283 1950 δὲ
1298 1888 1394 1972 κηφὴν
1417 1889 1512 1973 θῆλυς

263 1994 332 2077 pro
347 1991 481 2061 ἐναλλάξ·
510 1992 641 2073 διαπορεῖ
660 1990 754 2052 δὲκαὶ
770 1990 796 2052 εἰ
818 1989 848 2059 ἐξ
862 1990 998 2074 ἀλλήλων
1019 1992 1038 2072 ἡ
1060 1988 1169 2072 γένεσις
1191 2013 1210 2072 η
1228 1989 1382 2075 μεταφέρει
1404 1989 1512 2060 ἔξωθεν

260 2095 343 2179 γόνον
371 2095 390 2178 ἣ
421 2091 455 2157 ἔκ
481 2116 564 2156 τινων
596 2093 768 2177 ἑτερογενῶν
795 2095 815 2176 η
841 2092 949 2155 τούτων
978 2091 1098 2175 γένεσις·
1132 2091 1167 2155 οὐ
1193 2091 1247 2175 ηάρ
1277 2093 1382 2178 ὤφθη,
1412 2096 1510 2179 φησίν,
1524 2113 1551 2156 κο

261 2199 411 2284 ὀχεύοντα
461 2197 600 2260 ἀπίθανον
627 2193 677 2258 οὖν
703 2216 776 2280 φησι
802 2197 834 2258 τδ
866 2194 1035 2280 μεταφέρειν
1064 2193 1205 2273 ἄλλοθεν,
1234 2195 1275 2265 ὥς
1301 2216 1371 2259 τισιν
1398 2196 1511 2282 ἤρεσεν,

205 2458 224 2508 4
242 2454 366 2525 πέρδικες]
386 2456 466 2507 Arist.
479 2455 539 2506 hiet.
553 2455 632 2504 anim.
646 2450 685 2505 18
704 2470 729 2521 p.
741 2452 847 2506 613121
871 2453 949 2505 τίκτει
966 2454 1011 2521 μέν
1030 2450 1073 2504 ούν
1091 2448 1131 2521 epe
1148 2450 1260 2522 ἡπέρδιξ
1279 2451 1327 2505 ούκ
1345 2452 1442 2506 ἐλάττω
1460 2454 1476 2527 ἠ
1496 2455 1566 2524 δέκα,

205 2543 326 2602 πολλάκις
343 2543 362 2595 δ’
379 2542 513 2595 ἑκκαίδεκα
602 2541 618 2593 5
637 2539 688 2592 εἶτα
706 2541 863 2610 ποιήσαντες]
883 2541 964 2593 Arist.
977 2541 1037 2592 hist.
1050 2540 1130 2591 anim.
1143 2537 1194 2591 Z8
1213 2539 1358 2607 polluto
1375 2542 1397 2593 ol
1414 2542 1440 2594 δέ
1451 2544 1566 2614 πέρδικες

204 2632 249 2684 δύο
270 2636 396 2683 ποιοῦνται
413 2637 465 2682 τῶν
484 2633 544 2700 ῳῶν
562 2628 664 2698 σηκούς,
683 2629 725 2679 καὶ
744 2626 818 2698 ἐφἠύ
838 2627 917 2696 μὲνὴ
935 2625 1024 2696 θήλεια
1043 2627 1083 2678 ἐπὶ
1101 2626 1127 2679 δὲ
1145 2623 1245 2696 θατέρῳ
1264 2626 1277 2679 6
1294 2627 1371 2697 ἄρρην
1389 2630 1503 2698 ἐπῳάζει,
1522 2634 1566 2686 καὶ

205 2719 314 2787 ἐκλάψας
333 2720 454 2786 ἐκπέμπει
473 2718 588 2787 ἑκάτερος
607 2717 712 2787 ἑκάτερα
819 2716 834 2766 6
857 2714 938 2783 ταὼν]
958 2716 1038 2767 Arist.
1050 2715 1112 2767 hist.
1125 2705 1269 2766 anim.'Z9
1288 2731 1313 2783 p.
1326 2714 1434 2769 564228
1454 2718 1519 2780 ἀπαξ
1538 2719 1564 2772 δέ

204 2813 250 2860 τοῦ
268 2808 338 2864 ἔτους
357 2807 432 2873 μόνον
449 2806 527 2858 τίκτει
546 2804 570 2868 (6
588 2804 679 2868 roric)
704 2805 781 2855 τίκτει
799 2800 818 2854 δ’
834 2801 873 2872 ῳά
891 2801 990 2854 δώδεκα
1008 2820 1024 2872 η
1044 2805 1128 2871 μικρῷ
1149 2799 1259 2853 ἐλάττω·
1283 2802 1362 2855 τίκτει
1383 2804 1409 2857 δέ
1432 2805 1564 2860 διαλείπων

204 2895 249 2946 δύο
268 2914 283 2965 η
303 2902 366 2965 τρεῖς
384 2894 478 2963 ἡμέρας
497 2894 539 2945 καλ
559 2892 605 2943 ούκ
626 2891 725 2961 ἐφεξῆς·
751 2891 776 2942 αἱ
794 2889 820 2942 δέ
838 2889 995 2959 πρωτοτόκοι
1014 2889 1120 2957 μάλιστα
1141 2890 1196 2959 περὶ
1214 2888 1284 2941 όκτὼ
1303 2888 1349 2961 ῳά.
1379 2893 1489 2946 τίκτουσι
1508 2894 1527 2947 δ’
1541 2895 1564 2947 ol

203 2983 260 3052 τριὼ
278 2981 410 3051 ύπηνέμια.
437 2981 469 3032 ef.
483 2982 544 3032 Atl.
558 2978 677 3032 111395
697 2978 711 3031 6
727 2979 803 3042 ταώς,
821 2980 895 3048 φησίν
912 2975 1100 3048 Ἀριστοτέλης.
1114 2976 1231 3028 ..τίκτει
1250 2976 1276 3030 δέ
1295 2977 1360 3039 ἀπαΕ
1373 2986 1417 3032 τοῦ
1436 2980 1506 3039 ἔτους
1525 2981 1564 3052 qi&

204 3070 316 3122 δώδεκα·
341 3073 420 3121 ταῦτα
444 3068 470 3120 δὲ
492 3067 539 3120 etz
563 3068 596 3126 τίς
619 3066 684 3127 ἅπαξ
708 3066 772 3119 ἀλλὰ
794 3065 849 3136 παρ’
866 3067 960 3136 ἡμέρας
982 3064 1035 3117 δύο.
1060 3065 1094 3116 ναί
1118 3064 1144 3116 δέ
1166 3066 1325 3135 πρωτοτόκοι
1348 3066 1418 3120 όκτιύ
1442 3069 1498 3121 κτλ.
1530 3070 1563 3123 cs.

204 3159 272 3210 Rose
291 3173 316 3224 p.
330 3157 395 3224 ilsq.
513 3155 529 3207 8
553 3155 666 3225 καθάπερ
685 3155 728 3207 καὶ
746 3154 772 3206 αλ
790 3152 955 3223 ἀλεκτορίδος)
975 3153 1007 3205 ef.
1026 3154 1106 3205 Arist.
1118 3153 1180 3205 hist.
1192 3153 1272 3205 anim.
1285 3151 1337 3206 Z2
1355 3171 1381 3222 ρ.
1394 3153 1504 3209 559δ28

204 3245 219 3295 9
238 3242 393 3312 ὑποτίθεται]
413 3244 493 3295 Arist.
506 3244 566 3295 hist.
580 3245 658 3295 onim.
672 3241 723 3295 Zil
743 3258 768 3310 p.
777 3241 869 3294 564b2
888 3240 1026 3311 ἀλεκτορίδι
1044 3240 1069 3293 δὲ
1088 3237 1245 3293 ύποτιθέασιν
1263 3241 1348 3294 αύτῶν
1366 3246 1428 3307 (τῶν
1446 3245 1563 3311 ταώνων)

203 3334 235 3384 τὰ
254 3330 293 3401 :poi
312 3333 431 3400 ἐπῳάζειν
450 3331 472 3382 oi
490 3332 641 3400 τρέφοντες.
655 3365 682 3378 ..
696 3327 839 3382 ὑποτίθεται
857 3328 883 3381 δέ
901 3335 952 3387 τοῖς
969 3327 1045 3399 ὄρνισι
1063 3327 1170 3396 μάλιστα
1187 3327 1231 3380 δύο
1245 3327 1284 3399 qil
1392 3331 1423 3382 14
1441 3331 1562 3402 διαπορεῖ]

203 3421 284 3472 Arist.
298 3435 384 3488 gener,
398 3420 476 3470 onim.
488 3414 507 3470 Γ
521 3417 552 3469 10
569 3434 595 3485 p.
605 3417 696 3469 toene
714 3418 730 3487 η
750 3416 775 3468 δέ
794 3422 845 3468 τῶν
859 3415 981 3484 μελιττῶν
999 3417 1089 3484 γένεσις
1108 3415 1161 3485 ἔχει
1174 3415 1270 3487 πολλὴν
1288 3417 1451 3487 ἀπορίαν...
1466 3420 1562 3492 ἀνάγκη

203 3510 250 3576 γὰρ
267 3509 322 3576 ἤτοι
341 3509 423 3577 φέρειν
441 3505 518 3564 αὑτὰς
536 3503 640 3557 ἂλλοθεν
657 3505 701 3558 τὸν
719 3506 799 3575 γόνον,
818 3504 901 3574 ὥσπερ
920 3505 983 3563 τινές
1001 3519 1068 3572 φασι,
1087 3505 1130 3555 καὶ
1148 3508 1236 3556 τοῦτον
1251 3504 1268 3575 ἢ
1282 3505 1403 3574 φυόμενον
1422 3506 1562 3575 αὐτόματον

203 3596 219 3665 ἡ
239 3595 315 3647 ἀλλον
334 3594 398 3651 τινὸς
417 3595 482 3663 ζῴου
500 3594 627 3651 τίκτοντος
645 3593 661 3664 ἡ
680 3599 765 3662 γεννᾶν
784 3592 860 3652 αύτάς
878 3592 933 3645 κτλ.
964 3590 997 3644 cs.
1015 3592 1077 3643 hist.
1090 3593 1169 3644 anim.
1182 3588 1203 3644 E
1217 3590 1248 3643 21
1268 3608 1294 3672 p..
1308 3592 1415 3645 553217
1426 3610 1481 3662 sqq.

206 3683 235 3734 l'l
259 3683 288 3734 ού
307 3684 352 3751 γὰρ
373 3679 461 3750 ὤφθη]
482 3682 560 3733 Arist.
573 3697 661 3750 gener.
674 3682 753 3734 enirn.
768 3677 786 3732 Γ
799 3680 830 3732 10
849 3697 874 3748 p.
889 3679 995 3733 ’159121
1018 3678 1046 3732 τό
1065 3679 1189 3748 μηδέποτε
1209 3678 1294 3749 ὦφθαι
1314 3680 1462 3750 όχευόμενον
1480 3680 1561 3751 μηθέν

99 3763 105 3776 '
202 3770 287 3822 αύτὼν
431 3767 462 3819 18
486 3768 604 3821 ἀπίθανον
623 3768 665 3821 οὖν
684 3767 755 3838 φησι]
779 3768 859 3820 Arist.
874 3784 960 3837 gener.
973 3768 1052 3819 anim.
1066 3764 1085 3819 Γ
1098 3767 1130 3819 10
1152 3759 1299 3835 1:2759224
1324 3769 1419 3838 ἀνάγκη
1441 3770 1486 3839 χάρ
1505 3770 1561 3839 ἤτοι

202 3860 284 3927 φέρειν
307 3856 383 3914 αὐτὰς
406 3855 511 3909 ἄλλοθεν
534 3856 575 3909 τόν
598 3857 680 3926 γόνον,
704 3855 787 3926 ὥσπερ
810 3857 873 3914 τινές
896 3871 955 3925 φασι
968 3890 975 3903 .
989 3891 996 3904 .
1010 3890 1017 3903 .
1030 3859 1109 3908 ταῦτα
1131 3854 1150 3908 δ’
1166 3855 1224 3908 ἐστὶ,
1240 3858 1320 3908 πάντα
1342 3854 1450 3909 ἀδύνατα
1474 3855 1559 3909 συλλο-

201 3947 338 4016 γιζομένοις
357 3950 405 3996 etc.

205 4188 216 4238 1
245 4186 343 4239 ἐκλέπει
361 4187 428 4237 Rose
451 4202 483 4237 ex
506 4185 658 4237 Aristotele:
687 4184 825 4238 έκλοπείΡ
984 4182 1058 4254 ψύχει
1078 4184 1124 4236 rix
1148 4200 1248 4237 sonum.
1284 4184 1311 4238 ἓν
1334 4183 1357 4238 δ’
1379 4183 1493 4255 ἔμψυχον
1518 4187 1558 4239 vel

200 4275 227 4326 ἓν
249 4272 272 4326 δ’
294 4272 408 4344 ἐκτρύχει
431 4273 542 4325 coniecit
561 4272 673 4340 Sauppe.
710 4274 855 4325 sententiae
877 4274 998 4325 convenit
1021 4272 1135 4341 ἐκτρέφει
1280 4272 1347 4325 ἔπεσί
1368 4287 1442 4343 φησιν
1464 4270 1557 4332 οὕτως·

197 4358 243 4420 “’ὃς
267 4363 346 4414 Rose:
375 4361 442 4413 ἔπεσι
464 4359 545 4428 φησΐν.
582 4359 667 4426 οὗτος,
690 4359 716 4419 ὃς
739 4361 860 4424 (correxit
878 4360 910 4412 pr
933 4376 965 4413 ox
988 4358 1024 4418 ὡς
1041 4359 1123 4423 P¹)P
1280 4359 1296 4412 3
1323 4358 1346 4412 δ’
1368 4359 1467 4413 ἐκλέπει
1490 4361 1558 4414 Rose

200 4519 233 4555 er
255 4502 406 4555 Aristotele:
435 4501 460 4553 δέ
484 4499 620 4553 έκλιπεῖΡ
761 4498 777 4552 5
804 4473 847 4551 δύο
863 4499 896 4551 P:
924 4497 986 4550 δέκα
1007 4499 1074 4551 Roee
1095 4514 1128 4551 ox
1150 4498 1288 4552 Aristotele
1428 4461 1498 4570 θηλόιι
1515 4500 1557 4566 Ρῑ,
1608 4481 1634 4527 ”

200 4591 311 4643 correxit
330 4588 362 4642 Ρ1
521 4587 536 4639 6
564 4585 600 4656 ἐφ’
622 4588 702 4639 Rose:
730 4584 770 4657 ὑφ’
791 4587 810 4638 Ρ
970 4586 985 4637 ’1
1014 4586 1171 4656 πρωτότοκοι
1192 4586 1212 4639 Ρ
1371 4588 1387 4641 9
1414 4585 1557 4641 ὑποτίθεται

200 4679 267 4730 Rose
289 4694 322 4730 ex
344 4677 436 4729 Arist:
463 4674 644 4728 ἀποτίθεταιΡ
794 4674 820 4726 δέ
844 4678 913 4742 (post
937 4674 1025 4739 πλείω)
1049 4675 1108 4728 edd.
1127 4675 1231 4743 Sauppe
1381 4677 1413 4728 14
1440 4677 1557 4746 γενέσεως

199 4766 306 4833 scripsi:
331 4764 504 4834 γεννήσεωςΡ
632 4762 662 4815 16
686 4762 778 4814 elnon
796 4763 893 4815 omittit
912 4762 931 4813 Ρ
1062 4762 1092 4814 11
1117 4763 1199 4832 φησίν,
1218 4762 1337 4833 ὀχεύοντα
1356 4765 1461 4834 scripsi:
1487 4763 1555 4833 φησί,

199 4851 367 4923 γονιύονταΡ
