3510 5610
631 302 842 376 sononionn's
861 321 907 376 so
926 320 1105 377 onosnorm
1505 324 1546 386 99

246 503 430 574 commouet,
454 504 485 561 et
499 495 623 580 repellit
645 503 727 559 eset
742 493 883 559 extendit
901 501 933 559 et
948 502 1050 559 motus
1072 494 1137 557 eius
1153 502 1185 559 et
1199 495 1357 560 silentium
1379 493 1492 567 subito,

247 607 293 661 est
319 599 443 682 quidem
471 597 594 682 quando
621 597 654 662 in
678 618 812 681 paruum
830 597 947 676 locum,
976 607 1022 661 est
1043 618 1116 661 uero
1140 597 1262 681 quando
1290 598 1321 660 in
1345 597 1493 671 multum;

222 709 277 773 ‚et
300 711 345 766 est
367 700 490 784 quando
518 700 549 764 in
573 706 660 784 porte
687 699 820 784 quedam
847 707 947 764 terrae
973 700 1005 764 in
1028 719 1125 779 anno,
1154 701 1186 765 in
1208 702 1340 783 quantos
1362 721 1493 779 menses,
1515 776 1518 782 ,

245 803 389 876 similiter
417 812 463 867 est
486 803 608 887 quondo
639 803 830 866 conuertitur
857 803 933 880 cito3
968 809 1000 866 et
1021 810 1068 867 est
1094 803 1216 886 quando
1237 803 1322 881 silet,
1352 811 1399 867 est
1421 823 1493 866 uero

219 906 367 990 equando
391 907 496 985 nimis3
528 913 559 970 et
582 905 697 970 ibidem
719 905 833 969 iterum
856 913 902 970 est
923 904 1046 989 quando
1069 905 1187 986 minus,¹
1204 914 1236 969 et
1257 905 1379 989 quando
1401 905 1493 969 sileo·

246 1010 339 1073 tium:
374 1008 412 1072 de
439 1017 603 1074 uentorum
634 1015 665 1071 et
691 1007 823 1071 oliorum
849 1007 1013 1092 spirituum
1048 1027 1195 1071 concursu
1223 1008 1338 1072 eisdem
1372 1013 1494 1071 utentes

247 1112 379 1195 sumptis
401 1110 532 1175 dicimus
553 1110 611 1174 sic:
638 1146 678 1156 —
705 1109 869 1173 Intlatione
891 1108 1008 1194 duplici
1029 1110 1196 1186 existente,
1220 1109 1347 1174 humida
1368 1110 1493 1193 quidem

247 1221 278 1277 et
299 1214 400 1278 calide
420 1221 550 1278 uocetur
572 1235 667 1294 ατμις,
695 1212 726 1275 id
750 1221 796 1276 est
819 1232 927 1296 uapor,
955 1213 1036 1276 sicca
1059 1233 1131 1276 uero
1154 1218 1186 1276 et
1208 1212 1307 1276 calida
1329 1215 1492 1295 καπνωδης,

244 1316 277 1378 id
300 1325 346 1380 est
368 1318 486 1380 lumea:
515 1322 626 1379 neutra
648 1321 753 1378 autem
768 1314 877 1378 harum
899 1315 966 1378 sine
988 1315 1087 1379 altero
1102 1323 1157 1391 est,
1180 1315 1233 1379 sed
1253 1315 1344 1379 simul
1368 1315 1492 1399 quidem

206 1427 327 1499 ipsunt,
349 1441 387 1483 ex
410 1417 610 1482 habundante
633 1438 704 1480 uero
728 1417 853 1481 insimul
877 1424 1008 1500 utroque
1032 1424 1132 1481 totum
1155 1426 1293 1482 uocatur.
1338 1417 1493 1502 duplicem

245 1530 351 1586 eutem
374 1520 563 1585 inflationem
584 1520 663 1583 hanc
685 1519 730 1582 sol
750 1520 865 1583 faciens
888 1519 1001 1602 quibus
1016 1519 1141 1603 quidem
1164 1521 1392 1605 appropinquat
1413 1520 1505 1586 locos.

245 1623 478 1709 supergrediens
498 1642 646 1706 uaporem
668 1622 756 1700 fecit,
787 1621 907 1705 longius
931 1643 1003 1686 uero
1030 1622 1182 1686 absistens
1205 1622 1381 1706 frigiditatis
1404 1645 1495 1688 causo

246 1730 291 1807 tit,
313 1735 344 1791 et
359 1727 472 1816 iterum
487 1725 656 1789 consistens
678 1745 759 1807 aque
782 1724 944 1788 interram
967 1723 1111 1788 defertur.
1147 1746 1201 1808 per
1216 1725 1271 1789 hoc
1291 1726 1373 1789 enim
1394 1726 1494 1790 hieme

247 1831 342 1913 magis
364 1849 463 1912 equae
490 1827 569 1891 fiunt
595 1834 627 1890 et
652 1834 745 1890 noctu
773 1847 867 1909 quom
889 1847 944 1911 por
966 1826 1062 1890 diem:
1096 1827 1257 1910 gelidiores
1284 1828 1367 1892 enirn
1392 1837 1496 1893 noctes

207 1950 233 1994 rs
247 1933 364 1998 diebus.
405 1931 518 1996 eccidit
539 1935 646 1993 eutem
667 1949 758 2013 saepe
781 1929 972 1992 inflationem
994 1929 1106 1993 siccem
1131 1930 1290 1994 desursum
1313 1952 1387 2007 esse,
1411 1930 1495 1994 deor·

246 2059 314 2101 sum
338 2055 410 2100 uero
434 2023 607 2111 humidem3
631 2032 744 2096 iterum
767 2053 784 2095 e
807 2031 958 2095 contrario
981 2031 1046 2095 lieri
1071 2053 1108 2095 ex
1128 2032 1300 2116 spiritibus·
1311 2019 1505 2117 quibusdem

131 2164 136 2173 ·
246 2139 419 2223 compulsas
441 2158 492 2201 ees
514 2133 638 2220 proprie
652 2141 844 2198 commutare
867 2133 935 2197 loce
956 2141 987 2197 et
1008 2133 1046 2197 ed
1068 2134 1180 2198 alteras
1204 2141 1305 2218 partes
1328 2136 1497 2215 transferri,

246 2243 365 2306 aridam
380 2239 505 2324 quidem
528 2236 583 2301 ubi
598 2242 665 2300 eret
679 2235 807 2300 hmnido
826 2235 1049 2312 transductam,
1073 2236 1232 2300 humidam
1250 2258 1321 2302 uero
1343 2238 1376 2301 in
1392 2237 1497 2302 aridae

246 2345 349 2409 locum
371 2340 572 2426 compulsam.
617 2338 782 2402 et‘similis
805 2337 905 2421 passio
927 2338 1008 2401 inest
1030 2339 1211 2403 animalium
1237 2340 1440 2424 corporibus
1465 2344 1497 2407 in

207 2448 337 2512 oonobis
363 2445 446 2510 enim
474 2443 549 2507 dum
575 2441 616 2504 sit
643 2440 773 2525 desuper
806 2449 916 2504 uterus
943 2439 1041 2504 siccus
1068 2441 1228 2504 humelieri
1256 2463 1326 2506 eum
1355 2443 1496 2509 deorsum

196 2649 225 2656 Β
293 2641 594 2653 -.-—-——----——-

194 2775 209 2827 7
235 2774 343 2826 Aristot.
362 2768 485 2823 ossele:
508 2766 560 2818 ἔστι
578 2768 624 2839 γὰρ
638 2765 685 2820 too
704 2766 758 2838 ιίδη
777 2771 824 2837 τῆς
841 2765 1039 2836 ἀναθυμιάσεως,
1061 2766 1097 2825 ὥς
1115 2786 1204 2838 φαμεν,
1222 2769 1238 2838 ἡ
1258 2770 1303 2837 μέν
1320 2768 1383 2842 δγρά
1400 2771 1417 2841 ἡ
1436 2771 1461 2825 δὲ
1481 2771 1551 2845 ξηρά.

79 2891 85 2901 .
195 2860 307 2914 καλεῖται
324 2857 348 2910 δ’
369 2857 386 2926 ἡ
404 2857 449 2926 μὶν
467 2855 554 2925 ἀτμίς,
577 2856 593 2924 ἡ
613 2855 638 2908 δέ
660 2853 689 2907 τὸ
708 2856 754 2924 μέν
776 2851 834 2907 ὅλον
851 2843 993 2922 ἀνώνυμος,
1017 2858 1055 2925 τῷ
1073 2854 1096 2908 δ’
1117 2856 1158 2909 έπλ
1177 2858 1266 2928 μέρους
1289 2859 1385 2928 ἀνάγκη
1405 2863 1552 2931 χρωμένους

195 2946 307 3001 καθόλου
331 2942 520 3017 προσαγοριόέιν
542 2942 622 3013 αὐτὴν
645 2942 696 2995 οἷον
720 2943 823 2996 καπνόν.
861 2942 912 2994 ἔστι
934 2941 957 2993 δ’
979 2939 1036 2995 οὔτε
1059 2941 1088 2995 τὸ
1107 2941 1180 3015 ὑγρὸν
1203 2934 1263 2996 ἀνευ
1285 2950 1330 2998 τοῦ
1349 2944 1425 3016 ξηροῦ
1447 2945 1505 3000 οὔτε
1523 2949 1552 3001 τὸ

195 3034 269 3105 ξηρὸν
288 3035 347 3087 ἄνευ
368 3036 414 3084 τοῦ
432 3031 521 3102 ὑγροῦ,
544 3029 608 3083 ἀλλὰ
629 3032 709 3083 πάντα
730 3035 809 3082 ταῦτα
831 3027 929 3099 λέγεται
950 3028 1016 3082 κατά
1037 3031 1084 3100 τὴν
1102 3029 1229 3103 ὐπιροχην
1252 3033 1415 3100 (0136019)
1438 3065 1471 3073 —
1495 3037 1552 3090 Nic.

195 3122 331 3203 Blemmid.
344 3121 413 3188 Epit.
426 3120 501 3187 phys.
519 3133 545 3185 p.
558 3118 619 3171 131:
638 3117 724 3188 διττῆς
741 3114 817 3188 οὔσης
834 3121 881 3186 τῆς
898 3115 1099 3185 ἀναθυμιάσεως,
1117 3121 1163 3188 τῆς
1181 3121 1227 3187 μέν
1239 3119 1396 3188 ἀτμιδόνδους
1413 3123 1457 3175 καί
1469 3121 1552 3196 ὑγρᾶς,

193 3214 240 3279 τῆς
258 3210 284 3261 δέ
302 3207 452 3265 καπνώδους
470 3209 512 3259 καὶ
531 3204 619 3278 ξηρᾶς,
643 3203 876 3275 obstrepentem
899 3205 977 3274 χωρίς
999 3208 1045 3275 τῆς
1068 3205 1153 3275 ἑτέρας
1172 3206 1322 3277 ιῦρίσκεται,
1346 3208 1402 3261 ἀλλ’
1424 3209 1488 3279 ὁμοῦ
1506 3212 1552 3280 μέν

195 3299 238 3349 καὶ
256 3297 343 3366 ἀμρω,
362 3296 391 3347 ἐκ
409 3294 435 3347 δέ
453 3298 498 3347 τοῦ
517 3293 694 3355 πλιονάζοντος
712 3292 824 3346 καλεῖται
840 3291 871 3344 τὸ
890 3289 947 3344 ὅλον
1046 3294 1075 3346 11
1096 3296 1204 3348 Aristot.
1223 3294 1345 3348 3591234:
1364 3299 1501 3368 φερομένου
1520 3297 1551 3368 δὴ

194 3388 239 3436 τοῦ
257 3383 328 3454 ἡλίου
347 3382 449 3452 κόκλιμ,
475 3382 517 3434 καί
536 3379 595 3434 όταν
616 3382 662 3450 μέν
681 3379 817 3450 πλησιάζη,
839 3398 871 3450 τη
890 3377 1026 3450 θερμότητι
1049 3382 1182 3450 ἀνάγοντος
1199 3381 1228 3434 τδ
1247 3382 1333 3453 ὑγρόν,
1355 3377 1507 3456 πορρωτέρω
1526 3385 1551 3438 δέ

194 3473 340 3541 γιγνομένου
359 3469 398 3523 διά
415 3471 462 3541 τὴν
481 3468 554 3538 ψῦξιν
572 3470 750 3539 συνισταμένης
768 3467 843 3520 πάλιν
861 3470 907 3536 τῆς
925 3465 1074 3540 ἀναχθείσης
1093 3468 1194 3538 ἀτμίδος
1212 3470 1247 3528 είς
1263 3467 1345 3542 ὕδωρ·
1372 3470 1409 3523 διὸ
1427 3478 1553 3546 χειμῶνος

194 3578 223 3612 τε
241 3558 336 3628 μᾶλλον
354 3557 461 3628 γίγνεται
485 3558 517 3609 τὰ
539 3553 630 3620 ὕδατα,
654 3557 697 3608 καὶ
715 3555 815 3628 νἰκτωρ
833 3552 849 3624 η
869 3553 928 3622 μκθ’
949 3555 1105 3626 ἡμέραν
1124 3557 1153 3610 τὸ
1172 3557 1203 3628 δὴ
1222 3556 1309 3610 κατιδν
1333 3556 1401 3630 ὕδωρ
1419 3546 1552 3615 διαδίδωσι
1609 3544 1611 3549 ⁴

193 3653 241 3699 πᾶν
260 3648 294 3704 εἰς
311 3647 357 3715 τὴν
370 3650 416 3716 γῆν
490 3643 521 3696 15
540 3643 572 3696 σί.
586 3644 694 3697 Aristot.
708 3641 816 3695 :tooure
830 3671 863 3679 —
877 3642 933 3695 Nic.
946 3641 1082 3696 Blemmid.
1095 3643 1112 3696 l.
1123 3661 1146 3697 c.
1161 3662 1186 3713 p.
1199 3645 1259 3698 132:
1279 3645 1308 3698 οό
1327 3648 1377 3716 μὴν
1396 3646 1453 3700 ἀλλ’
1475 3649 1552 3702 ίνίοτι

194 3735 260 3787 κατὰ
279 3735 323 3802 μέν
342 3732 398 3786 τόδε
423 3731 452 3785 τὸ
471 3732 546 3802 μέρος
567 3732 613 3802 τὴν
636 3729 712 3803 ξηρὰν
736 3728 899 3799 ἀναθυμίασιν
917 3729 1045 3799 συμβαίνοι
1063 3729 1232 3798 πλιονικτεῖν,
1256 3735 1321 3788 κατὰ
1342 3733 1415 3787 δὲτὸ
1434 3735 1552 3808 παρακαί-

194 3840 268 3890 μενον
286 3822 332 3892 τὴν
351 3820 442 3892 ι’νγράν·
461 3822 505 3873 καλ
523 3818 653 3871 ἀνάπαλιν.
690 3815 765 3891 οὗπιρ
783 3817 862 3869 αίτιον
881 3815 967 3887 ἀντίη
989 3818 1019 3871 τὸ
1037 3819 1097 3873 ποτέ
1121 3821 1165 3888 μὲν
1184 3820 1229 3893 ἀρ’
1251 3820 1281 3891 ἧς
1299 3821 1448 3894 ἀναφέρεται
1466 3822 1552 3896 χώρας

194 3910 210 3981 ἡ
230 3907 300 3981 ξηροί,
319 3909 386 3961 κατὰ
403 3907 497 3991 ταὺτην
517 3908 560 3960 καί
578 3908 659 3975 μένειν
679 3905 782 3976 ῥέουσαν
801 3903 892 3973 αὐτόν’
916 3903 1012 3974 δμοίως
1029 3908 1072 3958 καὶ
1091 3906 1136 3976 ἀρ’
1154 3907 1184 3977 ἧς
1201 3907 1218 3978 ἡ
1237 3906 1315 3977 λυγρά,7
1333 3911 1379 3979 τὴν
1397 3908 1485 3983 ὑγράν·
1510 3910 1552 3964 tet

195 3996 218 4049 δ’
239 3995 439 4050 ἀνταλλάσσεσθαι
457 3997 500 4048 καλ
518 3992 675 4049 ἀπωθιῐσθαι
693 3992 741 4046 brt
759 3993 909 4062 πνευμάτων
927 3990 1004 4046 τινῶν
1022 3993 1068 4065 τὴν
1086 3995 1132 4063 μέν
1150 3995 1239 4064 ὑγράν,
1258 3993 1316 4049 ὅθεν
1334 3997 1351 4067 ἡ
1370 3997 1441 4068 ξηρά,
1462 3999 1508 4068 τἠν
1526 3998 1553 4051 δέ

196 4084 280 4158 ξηράν,
299 4081 356 4138 tto
374 4084 479 4156 ηνγρά.
600 4082 630 4135 19
659 4083 766 4135 Aristot.
785 4079 906 4134 360b23:
935 4079 1018 4150 ὥσπερ
1038 4082 1078 4134 ἐπὶ
1095 4087 1140 4135 τοῦ
1159 4082 1285 4151 σώματος,
1303 4086 1345 4138 ἐὰν
1363 4087 1379 4155 η
1398 4086 1452 4139 ἀνω
1470 4085 1553 4139 κοιλία

196 4171 258 4245 ξηρὰ
276 4170 305 4244 ᾖ,
331 4173 378 4242 τὴν
397 4174 470 4225 κάτω
495 4172 611 4230 ἐναντίως
634 4167 785 4233 διακεῖσθαι,
810 4169 854 4221 καί
875 4167 970 4238 ταότης
994 4165 1070 4239 ξηρᾶς
1092 4166 1166 4240 οόσης
1185 4170 1264 4243 ,θγράν
1290 4172 1414 4242 εἶναιτὴν
1437 4173 1490 4225 ἅνω
1510 4173 1553 4225 καί

195 4261 296 4334 ψυχράν

200 4451 239 4459 ..-

197 4576 212 4628 2
232 4575 340 4628 multum
362 4574 426 4626 OM:
445 4589 568 4644 magnum
588 4571 618 4624 Η
720 4572 736 4624 3
755 4571 783 4624 in
801 4574 913 4639 quantos
932 4573 1045 4638 menses]
1064 4572 1081 4623 ι’.
1092 4590 1113 4623 e.
1132 4571 1173 4642 ἀφ’
1195 4571 1301 4632 ὁπόσους
1319 4573 1411 4642 δήποτε
1430 4577 1511 4642 μῆνας

196 4664 212 4715 4
241 4663 294 4715 cito
313 4681 358 4713 om.
378 4661 410 4711 H
515 4661 531 4713 5
558 4665 585 4713 et
602 4660 698 4714 ibidem
717 4660 810 4711 iterum
833 4658 896 4709 CM:
916 4657 1020 4711 ibidem.
1057 4659 1152 4712 lterum
1172 4660 1204 4710 H
1305 4666 1344 4715 est
1363 4661 1466 4730 quondo
1488 4659 1553 4711 CM:

196 4749 301 4818 qnando
320 4752 360 4802 est
378 4749 408 4800 H
513 4751 598 4801 minus
618 4747 659 4799 M:
679 4743 831 4797 nimis·CH
933 4750 959 4798 et
978 4742 1093 4814 quando]
1107 4748 1170 4810 sore.
1189 4755 1229 4800 est
1247 4749 1351 4816 quando
1455 4748 1472 4799 8
1491 4765 1554 4799 καπ-

196 4854 280 4889 νωαοο
305 4837 336 4886 H
450 4837 477 4888 ll
508 4837 576 4889 benc
599 4832 759 4887 inflationem
783 4833 843 4881 ordo
866 4833 890 4882 ιἰι
912 4833 960 4884 Ol!
1079 4835 1110 4887 13
1138 4835 1206 4887 enim
1226 4836 1266 4888 H:
1290 4837 1371 4903 igitur
1396 4835 1450 4886 CM

200 4925 228 4976 ll
249 4928 405 4976 commutare
426 4924 490 4975 tul:
511 4923 695 4974 communitate
718 4919 743 4971 ll
854 4921 889 4973 ‘20
906 4937 963 4973 eum
986 4921 1051 4973 ott:
1069 4924 1137 4975 enim
1157 4922 1186 4973 I!

1311 5010 1354 5075 ἶ*
