3510 5610
629 323 838 378 SOLUTIONES
856 325 904 377 An
922 322 1101 376 GHOSROEM
1502 315 1543 381 75

244 518 329 574 cum,
356 496 460 580 ibique
483 498 596 562 iterum
618 498 784 562 consistere
809 520 864 584 per
885 496 1102 580 frim'ditatcm,
1124 495 1300 575 iterumque
1323 486 1432 553 deterri
1455 489 1494 553 ad
1512 502 1559 560 513
1626 538 1630 544 -

244 606 373 664 terram:
396 599 512 663 salsum
534 622 607 664 uero
631 622 789 664 remanere
812 607 938 686 propter
956 599 1152 682 grauitatem,
1173 599 1254 659 sicut
1267 594 1300 658 in
1316 593 1494 677 corporibus

245 702 439 766 animalium.
485 704 601 766 etenim
622 703 655 766 iu
678 703 721 767 eis
744 725 809 767 esca
834 704 970 766 intrante
993 700 1155 765 dulcedine
1182 719 1267 762 escae
1294 695 1402 759 umida
1423 696 1493 760 snb·
1507 711 1558 754 m.

244 805 361 868 stantia
383 811 415 868 et
436 806 518 888 quod
541 806 729 890 superfluum
753 812 882 890 apparet
904 825 1044 868 amarum
1067 809 1099 866 ct
1120 803 1250 879 salsum,
1273 802 1319 865 ita
1340 807 1376 863 ut
1399 799 1494 864 etiam

217 907 370 972 osudorcs
392 907 470 971 tales
491 909 566 971 sint:
591 909 679 972 dulce
702 910 787 972 enim
810 915 841 971 et
862 907 999 992 potabile
1022 907 1060 970 ab
1080 906 1175 969 insita
1189 904 1347 968 caliditate
1362 909 1495 966 tractum

246 1011 279 1074 in
302 1031 409 1074 carnes
430 1015 461 1074 et
483 1012 576 1075 aliam
600 1012 861 1077 constructionem
882 1009 971 1074 uenit
981 996 1132 1094 partium,
1154 1014 1190 1071 ut
1204 1027 1408 1090 unaquaequo
1424 1026 1495 1069 con-

244 1114 358 1178 sueuit.
403 1115 477 1198 qnia
498 1134 571 1177 nero
596 1121 642 1178 est
663 1114 696 1178 in
711 1101 849 1178 mixtura
863 1112 1034 1177 dulcedinis
1049 1112 1174 1189 salsum,
1197 1115 1299 1194 potest
1314 1109 1408 1172 etiam
1424 1107 1495 1170 hinc

247 1218 358 1301 accipi:
381 1216 408 1280 si
430 1217 513 1280 enim
537 1217 606 1300 quis
628 1239 752 1282 saccum
775 1218 910 1281 formans
925 1235 1068 1278 caereum
1083 1215 1115 1277 in
1131 1233 1216 1276 mare
1231 1211 1395 1275 immiserit
1410 1210 1495 1294 prius

245 1319 461 1403 circumligans
483 1340 516 1383 os
539 1324 662 1383 tantum
685 1326 721 1383 ut
747 1340 809 1382 non
839 1317 1022 1382 infundatur
1048 1316 1142 1395 mari,
1166 1322 1245 1378 tuuc
1270 1314 1389 1377 intrans
1416 1333 1497 1396 aqua

205 1438 231 1482 10
244 1444 301 1505 per
322 1443 444 1487 caereos
466 1422 600 1506 parietes
622 1423 658 1485 fit
679 1421 834 1506 potabilis,
858 1427 889 1484 et
911 1419 1010 1483 ueluti
1032 1440 1087 1503 por
1108 1418 1289 1482 colatorium
1311 1416 1394 1499 quod
1416 1437 1495 1480 cras·
1509 1429 1537 1472 2⁰

244 1547 313 1590 sum
341 1531 373 1588 et
394 1531 551 1588 terrenum
577 1526 746 1589 secernitur
776 1528 807 1587 ot
833 1523 924 1607 qnod.
948 1523 1022 1586 iacit
1053 1520 1241 1604 salsuginem
1268 1523 1329 1603 per'
1349 1520 1495 1582 commix-

245 1629 376 1691 tionem:
403 1634 436 1690 et
460 1627 488 1690 si
513 1627 602 1691 iuxta
627 1648 712 1691 mare
736 1627 766 1689 in
790 1627 879 1690 litore
901 1624 1014 1690 foderit
1036 1626 1105 1707 quis
1126 1625 1253 1703 fossam,
1282 1622 1381 1687 omnis
1404 1622 1436 1684 in
1459 1642 1496 1684 ea

246 1731 403 1814 percolata
429 1750 511 1812 aqua
537 1752 574 1793 ex
601 1731 681 1793 mari
709 1750 764 1813 per
790 1728 924 1793 occultas
945 1735 1046 1791 terrae
1067 1748 1164 1790 uenas
1186 1725 1332 1810 potabilis
1355 1725 1495 1788 efficitur.

246 1833 343 1896 satius
369 1852 443 1895 uero
470 1833 570 1896 dicere
596 1833 700 1916 ipsum
726 1832 770 1895 sic
796 1838 933 1896 creatum
956 1831 1049 1894 fuisse
1071 1852 1090 1893 a
1112 1831 1183 1907 deo,
1210 1829 1289 1892 sicut
1311 1835 1343 1892 et
1364 1827 1496 1891 aliorum

206 1953 232 1997 ιο
246 1936 468 2000 elementorum
496 1935 738 2018 unumquodque
765 1933 919 2020 propriam
952 1933 1046 1996 habet
1072 1939 1229 1996 naturam:
1264 1931 1369 2013 itaque
1402 1929 1498 1992 etiam

246 2039 325 2102 mari
347 2038 548 2102 connaturale
571 2059 636 2101 osse
658 2037 773 2101 salsum
795 2057 850 2120 pro
874 2036 1013 2100 omnium
1035 2035 1134 2099 salute
1157 2035 1188 2098 in
1211 2041 1294 2098 terra
1313 2031 1497 2098 animalium

245 2149 282 2208 ut
304 2163 366 2206 non
389 2147 580 2226 putresceret
602 2140 741 2204 omnino:
766 2138 848 2222 qnod
870 2138 996 2221 quidem
1019 2137 1160 2201 uidemus
1183 2137 1309 2201 euenire
1322 2137 1356 2200 in
1372 2135 1496 2218 quibus·
1509 2148 1538 2191 w

246 2244 318 2309 dam
346 2244 474 2308 lacubus
501 2251 532 2307 et
557 2243 628 2306 aliis
660 2241 897 2307 consistentibus
931 2221 1120 2325 potabilibus
1153 2239 1251 2322 aquis.
1297 2239 1379 2322 quod
1413 2237 1497 2301 cuim

247 2346 426 2410 circumstat
456 2346 546 2409 facilc
573 2346 612 2410 ab
638 2345 785 2409 umidiori
811 2364 926 2427 uapore
953 2343 1158 2427 corrumpitur
1185 2343 1344 2426 spiritibus
1371 2341 1404 2404 in
1427 2340 1496 2424 plus

206 2465 234 2510 ao
248 2454 398 2516 conuecta
419 2448 597 2533 putredine3
625 2454 767 2512 otmaro
795 2466 917 2529 quoque
944 2446 1057 2530 partim
1085 2444 1209 2527 quidem
1236 2448 1415 2528 separatum
1436 2442 1496 2505 cito

246 2553 409 2639 putrescit,
437 2572 527 2615 omne
554 2554 659 2613 autern
687 2569 894 2632 nequaquam.
939 2549 1044 2632 itaque
1071 2556 1102 2611 et
1128 2547 1186 2610 hoc
1212 2546 1340 2630 prouide
1361 2545 1394 2609 in
1417 2545 1496 2608 mari

247 2657 364 2720 factum
386 2661 441 2718 est.
485 2659 598 2716 natura
620 2659 724 2716 autern
748 2673 901 2735 aquarum
923 2659 969 2715 est
983 2650 1066 2730 talis,
1090 2658 1120 2714 et
1135 2669 1197 2711 non
1217 2647 1317 2711 solum
1337 2649 1371 2712 in
1385 2649 1497 2732 Magno

247 2757 327 2822 mari
349 2756 403 2820 sed
426 2757 520 2819 ctiam
541 2755 575 2818 in
597 2758 666 2820 aliis
689 2755 829 2841 pluribus
851 2753 936 2818 locis.
980 2753 1118 2817 declarat
1142 2752 1199 2815 hoo
1222 2759 1253 2814 et
1275 2751 1378 2815 lacum
1400 2753 1497 2818 talem
1510 2767 1538 2809 4⁰

194 2996 210 3049 θ
231 2995 338 3049 Aristot.
352 2994 457 3048 355b4:
476 2992 504 3045 τὸ
524 2993 569 3060 μέν
588 2991 698 3063 ἁλμυρὸν
717 2991 835 3061 ὑπομένει
853 2992 892 3043 διὰ
910 2991 939 3044 τὸ
959 2992 1042 3062 βάρος,
1060 2990 1088 3042 τὸ
1108 2989 1133 3042 δὲ
1152 2989 1231 3059 γλυκὺ
1249 2990 1292 3041 καί
1311 2988 1417 3058 πότιμον
1436 2991 1551 3060 ἀνάγεται

194 3083 235 3137 διὰ
255 3085 302 3154 τῆν
325 3080 484 3152 κουφότητα,
507 3078 622 3149 καθάπερ
646 3081 672 3132 έν
694 3087 746 3138 τοῖς
766 3086 818 3132 τῶν
841 3081 915 3149 ζῴων
939 3079 1059 3146 σάιμασιν.
1096 3078 1139 3129 καί
1162 3079 1208 3148 γὰρ
1231 3077 1256 3129 ἐν
1274 3076 1371 3135 τοΰτοις
1393 3083 1438 3146 τῆς
1456 3083 1552 3150 τροφῆς

195 3169 353 3240 είσιλθοὺσης
370 3168 485 3240 γλυκείας
502 3168 519 3238 ἡ
537 3173 582 3238 τῆς
601 3167 675 3239 ὑγρᾶς
693 3172 789 3240 τροφῆς
806 3168 940 3224 ὑπόστασις
958 3166 1001 3218 καὶ
1018 3166 1047 3218 τὸ
1060 3165 1205 3238 περίττωμα
1224 3163 1337 3235 φαίνεται
1354 3166 1443 3237 πικρὸν
1462 3164 1490 3218 ὃν
1509 3167 1553 3219 καὶ

194 3259 319 3330 ἁλμυρόν·
346 3256 375 3309 τὸ
394 3255 439 3327 γάρ
458 3254 536 3324 γλυκὺ
558 3255 602 3306 καὶ
624 3255 729 3322 πότιμον
753 3255 807 3308 ὑπὸ·
820 3259 866 3326 τῆς
888 3253 1000 3324 έμφῦτου
1019 3251 1173 3325 θερμότητος
1196 3250 1316 3305 ἑλιιοσθὲν
1339 3253 1373 3311 είς
1396 3255 1440 3312 τὰς
1459 3255 1553 3324 σάρκας

195 3347 239 3399 καί
256 3346 303 3414 τὴν
327 3342 406 3413 άλλην
425 3334 538 3401 Ισύνταξιν
561 3341 624 3412 ῆλθε
641 3349 694 3394 τῶν
713 3349 810 3415 μερῶν,
834 3342 870 3400 ὡς
888 3343 993 3394 ἕκαστον
1016 3342 1127 3411 πέφυκεν
1233 3340 1249 3390 7
1271 3339 1447 3392 1d358b34:
1472 3339 1510 3394 du
1527 3340 1551 3394 θ’

194 3435 260 3487 έστλν
283 3434 309 3485 έν
332 3430 396 3501 μίξει
421 3430 488 3488 τινὸς
510 3428 539 3481 τὸ
558 3429 679 3502 ἁλμυρόν,
705 3429 780 3500 δῆλον
800 3429 829 3482 olo
848 3430 923 3499 μόνον
942 3429 976 3481 έιι
999 3434 1052 3480 τῶν
1071 3429 1224 3497 εἰρημένων,
1247 3427 1372 3479 ἀλλὰκαὶ
1391 3428 1433 3480 ἐάν
1456 3447 1493 3486 τις
1511 3429 1554 3498 ἀγ-

195 3529 259 3592 γεῖον
283 3519 378 3578 πλάσας
395 3515 432 3590 θη
455 3518 557 3589 κήρινον
581 3518 614 3576 είς
638 3519 685 3587 τὴν
711 3517 851 3582 θάλατταν,
875 3515 1007 3589 περιδῆσας
1029 3515 1057 3568 τὸ
1081 3516 1160 3583 στόμα
1178 3514 1298 3572 τοιούτοις
1321 3514 1386 3567 ὥστε
1410 3515 1445 3584 μῆ
1464 3534 1554 3586 παρεγ-

194 3605 294 3682 χεῑσθαι
316 3611 363 3676 τῆς
385 3603 526 3674 θαλάττης·
553 3604 582 3656 τὸ
607 3605 653 3676 γάρ
677 3605 750 3657 είσιὸν
772 3605 812 3658 διὰ
833 3611 886 3657 τῶν
910 3603 1004 3673 τοίχων
1027 3609 1079 3654 τῶν
1101 3601 1213 3671 κηρίνων
1236 3602 1329 3672 γίνεται
1346 3600 1451 3669 πότιμον
1470 3599 1553 3670 ὕδωρ·

195 3695 280 3765 ὥσπερ
298 3696 344 3766 γάρ
363 3692 395 3746 δι’
416 3692 502 3763 ἠθμοῦ
520 3691 549 3743 τὸ
567 3691 659 3759 γεῶδες
677 3692 836 3765 ἀποκρίνεται
858 3693 901 3745 καὶ
919 3691 948 3745 τὸ
967 3692 1054 3743 ποιοῦν
1072 3689 1119 3759 τὴν
1138 3689 1299 3760 άλμυρότητα
1317 3690 1356 3742 διὰ
1375 3690 1421 3760 τῆν
1440 3687 1554 3757 σιἰμμιξιν

197 3783 229 3836 12
256 3783 289 3835 cf.
309 3784 417 3836 Aristot.
436 3780 544 3833 935b3:
573 3778 613 3830 διά
631 3779 656 3830 τί
673 3780 785 3850 ἐνιαχοῦ,
812 3781 855 3833 έάν
873 3798 911 3836 τις
929 3776 1005 3851 ίρίιξη
1027 3778 1094 3848 παρὰ
1112 3776 1166 3857 τὴν.
1177 3774 1317 3840 θάλατταν,
1341 3776 1370 3829 td
1389 3777 1434 3845 μέν
1453 3783 1554 3846 πρῶτον

195 3871 301 3938 πότιμόν
319 3869 384 3922 έστιν
403 3866 480 3940 ὕδωρ,
499 3865 547 3918 εἷθ’
570 3865 679 3938 ἁλμυρὸν
698 3867 802 3936 γίνεται,
824 3866 841 3937 ip
861 3863 899 3917 ὅτι
917 3865 995 3935 αὒτῆς
1013 3865 1064 3917 ἐστὶ
1082 3869 1128 3934 τῆς
1146 3863 1272 3934 θαλάττης
1289 3869 1335 3934 τῆς
1353 3862 1488 3935 διηθοὺσης
1505 3863 1554 3918 ὑπὸ

194 3959 242 4027 τὴν
260 3962 308 4028 γῆν
325 3956 354 4009 τὸ
374 3953 455 4027 diuum
549 3951 595 4005 εἴτ’
617 3953 661 4005 οὖν
680 3953 762 4014 οὕτως
783 3954 831 4008 εἴτε
849 3955 915 4006 κατὰ
933 3954 977 4011 τὰς
990 3952 1083 4023 φλέβας
1100 3953 1130 4003 ἐκ
1148 3957 1194 4020 τῆς
1212 3951 1314 4021 ῆπείροο
1334 3951 1371 4023 ῥεῖ
1387 3953 1427 4004 ἐπὶ
1444 3953 1491 4022 τὴν
1509 3952 1553 4005 θά-

195 4044 289 4097 λατταν
313 4043 342 4096 τὸ
364 4042 444 4113 γλυκὺ
466 4040 548 4111 ὕδωρ,
572 4042 677 4099 εἰκότως
702 4042 732 4094 ἂν
757 4041 878 4112 ἐπιπολῆς
900 4041 937 4109 εἴη
960 4045 1007 4109 τῆς
1029 4038 1169 4109 θαλάττης,
1193 4039 1209 4109 ‘p
1234 4039 1348 4108 μίγνυται
1371 4040 1435 4110 αὐτῆ
1579 4025 1580 4028 ¹

196 4132 232 4185 20
249 4132 288 4185 ld.
307 4131 414 4185 379124:
433 4129 470 4182 διὸ
489 4130 532 4182 καὶ
549 4129 566 4198 ἡ
584 4127 698 4182 θάλαττα
717 4132 782 4184 κατά
801 4131 875 4202 μέρος
894 4131 939 4199 μὲν
958 4128 1114 4198 διαιρουμένη
1133 4127 1198 4196 ταχὺ
1217 4127 1329 4197 σῆπεται,
1348 4125 1431 4179 άπασα
1449 4125 1472 4179 θ’
1495 4123 1525 4178 οὖ

195 4360 213 4414 3
240 4356 389 4426 dulcedine]
409 4356 491 4409 dulci·
513 4355 563 4419 G¹;
583 4354 658 4406 -dine
679 4351 716 4404 G²
733 4353 758 4402 in
777 4370 830 4403 rar.
849 4352 933 4420 (coluit
952 4351 1099 4417 dulcedine)
1223 4365 1297 4403 aoscc
1317 4349 1353 4401 0²
1371 4349 1395 4400 io
1413 4367 1476 4401 rae:
1496 4365 1553 4448 cscp

195 4489 317 4530 corrector
437 4488 493 4544 post
511 4477 600 4529 umida
617 4488 668 4528 tres
680 4475 740 4539 sere
759 4473 804 4524 tor.
824 4491 889 4523 τναα.
1013 4471 1029 4524 5
1056 4473 1088 4525 ab
1107 4473 1188 4525 insita
1208 4471 1244 4522 (3²
1261 4472 1285 4521 in
1303 4489 1355 4522 raa.
1375 4469 1419 4536 (13
1432 4473 1490 4536 scre
1509 4470 1554 4522 titt.

196 4564 275 4631 ενατ.)
371 4566 387 4617 7
409 4567 436 4618 in
454 4563 581 4632 mixtura]
600 4565 701 4616 datura
721 4563 744 4613 G
763 4563 789 4612 ιά
807 4578 860 4611 rus.
880 4559 945 4625 (suit
963 4560 1085 4626 inmixta)
1183 4559 1321 4611 dulcedine
1341 4558 1376 4609 G¹
1470 4558 1553 4610 {loir-

196 4661 316 4728 culigans
336 4661 383 4711 θέο
403 4658 579 4727 circunllgans
599 4658 635 4711 0²
735 4655 907 4724 infundantur
926 4654 985 4722 (sic)
1006 4657 1028 4707 G
1132 4654 1165 4707 10
1182 4669 1284 4706 erasum
1305 4654 1328 4705 G
1346 4653 1379 4719 (et
1397 4654 1433 4703 sie
1447 4651 1553 4719 passim)

199 4747 230 4800 12
258 4745 293 4815 si]
313 4749 388 4815 qnasi
410 4749 444 4799 6¹
559 4745 685 4798 tosamO
802 4744 834 4795 14
861 4747 886 4796 et
907 4743 943 4794 02
960 4744 984 4792 in
1003 4761 1053 4793 ras.
1167 4741 1198 4794 15
1225 4742 1449 4794 elimentorumo

196 4835 295 4888 habens
316 4836 350 4887 0¹
474 4831 573 4900 itaque]
593 4849 655 4900 ·que
676 4831 712 4884 0²
730 4849 760 4882 ea
778 4850 822 4881 αα.
841 4830 985 4897 (suasore.
1003 4828 1098 4895 itaut)
1212 4829 1241 4880 17
1271 4820 1429 4897 putresceret
1446 4828 1554 4883 omnino

198 4921 234 4977 0²
253 4924 278 4972 in
296 4939 350 4974 raa.
456 4920 490 4974 23
508 4921 624 4974 lacusO
731 4919 808 4973 talem
827 4916 956 4969 narrando
978 4918 1000 4969 0
1022 4917 1046 4966 in
1064 4935 1115 4968 ras.
