3510 5610
176 261 227 300 vui
755 246 951 301 PRAEFATIO

176 421 349 488 Wimmero
383 442 444 506 ope
472 421 645 506 praecipue
676 421 833 488 versionis
859 421 1056 504 llicinianac,
1090 419 1198 503 quoad
1230 419 1348 485 talibus
1382 418 1535 486 subsidiis

177 538 246 606 fieri
270 541 383 625 potuit,
407 541 603 608 emendatus.

92 659 163 752 {2222
265 660 483 726 Basileensem
517 667 625 725 tamen
652 668 870 727 antecesserat
897 658 996 725 editio
1024 658 1140 723 Latina
1165 657 1298 722 Marcilii
1321 657 1435 743 Ficini,
1468 678 1537 723 una

179 799 250 842 cum
272 778 439 843 lamblichi
463 778 503 843 de
524 778 686 863 Mysteriis
713 778 793 843 libro
820 779 956 863 aliisque
979 778 1139 862 opusculis
1165 777 1207 842 ab
1230 777 1344 843 codem
1367 778 1535 844 conversis

178 917 263 963 anno
289 897 367 962 1497
394 896 535 962 Venetiis
556 897 590 961 in
613 897 747 962 aedibus
770 896 843 961 Aldi
877 897 1013 980 primunr
1041 897 1127 981 typis
1149 915 1313 979 expressa.
1358 895 1399 961 de
1421 895 1534 963 codiee

105 1019 108 1024 ’
179 1038 237 1081 suo
261 1017 342 1082 haec
363 1014 493 1080 licinus
515 1016 547 1079 iu
571 1016 710 1099 epistula
734 986 919 1102 praeposita
939 1017 982 1081 ad
998 1015 1179 1100 Philippum
1197 1015 1359 1080 Valorem:
1390 1019 1535 1101 qucrnea

180 1147 281 1200 actem
306 1134 459 1200 Graecum
481 1136 636 1220 complut
656 1139 784 1200 comam
804 1138 1008 1199 incarminans
1029 1146 1057 1199 et
1078 1135 1113 1198 td
1134 1136 1256 1220 qualem
1283 1136 1460 1200 mendosum
1482 1148 1533 1200 at-

180 1278 237 1341 quc
258 1254 447 1333 neumatum,
477 1265 614 1317 attamen
635 1255 696 1340 depe
716 1278 837 1320 securae
858 1266 886 1319 et
907 1258 953 1319 itu
974 1257 1098 1319 coeteris
1118 1253 1228 1339 praebe
1249 1254 1423 1339 lependum:
1457 1277 1536 1319 nam

179 1375 337 1438 cruentare
361 1373 415 1437 boc
444 1385 536 1459 atquc
561 1376 708 1438 resarcire
739 1376 969 1461 dilipcotiaec'mc
994 1374 1110 1453 studui,
1142 1384 1170 1437 et
1191 1373 1328 1459 Ampelos
1355 1374 1534 1440 Politicmte

179 1505 288 1573 noster,
311 1494 459 1556 acerimc
481 1494 529 1554 cir
550 1493 664 1557 iudicio
681 1495 884 1579 plurimoque
904 1494 1057 1572 doctriua,
1079 1504 1217 1555 ecetram
1237 1493 1318 1556 hunc
1338 1494 1536 1578 diliqentiam

180 1612 371 1700 cpprrobccit.
390 1624 394 1632 ·
416 1613 575 1695 quaedam
608 1632 687 1679 sane
720 1612 840 1679 codicis
872 1612 921 1677 sui
955 1610 1034 1675 vitia
1066 1632 1131 1677 non
1163 1611 1333 1678 infeliciter
1366 1612 1535 1680 sustulisse

181 1732 317 1816 videtur,
341 1732 399 1798 sed
420 1740 453 1797 et
474 1732 545 1815 ipse
567 1752 653 1797 nova
674 1731 806 1815 invenit,
829 1729 1059 1815 supplementis
1081 1730 1200 1817 additis
1216 1729 1313 1796 stiam
1335 1730 1389 1795 ubi
1406 1732 1535 1799 Graeca

182 1853 284 1918 oratio
312 1858 368 1916 aut
397 1869 478 1915 sana
508 1859 577 1916 crat
602 1860 659 1917 aut
693 1851 757 1916 alio
784 1850 879 1915 modo
906 1849 1066 1915 sananda:
1100 1870 1176 1915 usus
1205 1857 1314 1915 autem
1348 1859 1397 1916 est
1423 1852 1537 1919 codiee

182 1971 290 2038 nescio
313 1991 376 2054 quo
399 1969 567 2036 deterioris
589 1970 726 2054 generis,
750 1969 793 2034 ad
814 1967 1023 2034 Harleianum
1046 1977 1188 2035 nostrum
1211 1969 1272 2054 (H)
1293 1969 1327 2034 ni
1347 1970 1444 2038 fallor
1465 1993 1538 2056 pro

182 2090 255 2174 pius
277 2071 466 2176 accedente,
487 2111 561 2156 nam
577 2090 784 2156 Harleianum
808 2095 930 2153 textum
952 2087 1056 2153 Ficini
1078 2110 1140 2173 ope
1162 2108 1234 2155 esse
1257 2089 1463 2155 emendatum
1482 2089 1538 2155 vix

183 2210 382 2291 crediderim,
417 2229 600 2293 quanquam
627 2210 670 2275 ad
699 2209 782 2274 hane
810 2207 993 2292 opinionem
1019 2206 1208 2273 firmandam
1235 2208 1393 2275 nonnulla
1417 2206 1538 2273 adferri

184 2349 280 2413 posse
304 2329 381 2395 scio.
425 2329 467 2396 de
489 2329 637 2396 versione
659 2328 766 2393 Ficini.
784 2327 916 2410 eiusque
938 2346 997 2391 usu
1019 2326 1120 2391 fusius
1142 2327 1285 2412 disputat
1306 2326 1360 2391 Fr.
1382 2325 1538 2392 Wimmcr

187 2444 220 2509 in
248 2445 524 2514 Commentatione
557 2449 597 2514 de
624 2446 779 2513 Prisciani
811 2447 894 2533 Lydi
927 2445 1124 2529 metaphrasi
1153 2447 1186 2511 in
1211 2445 1469 2529 Theophrastum
1497 2444 1539 2510 de

184 2567 287 2633 Sensu
309 2574 341 2632 et
363 2566 404 2632 de
426 2567 603 2632 Phantasia
625 2566 767 2652 (Vratisl.
787 2566 892 2652 1862).

269 2686 373 2751 lacuit
394 2685 578 2751 Priscianus
601 2707 657 2770 per
683 2686 745 2751 tria
770 2685 838 2751 fere
865 2687 1005 2770 saccula,
1039 2685 1186 2752 sordibus
1210 2683 1404 2751 Basileensis
1431 2692 1539 2749 textus

186 2804 309 2869 obsitus
331 2824 370 2870 ac
392 2805 492 2871 veluti
514 2806 668 2890 sepultus,
702 2825 762 2871 nec
784 2815 894 2872 nostra
915 2812 1024 2871 aetate
1051 2805 1223 2870 multorum
1245 2805 1278 2870 in
1301 2801 1451 2870 manibus
1472 2811 1539 2868 est:

184 2922 392 2989 Wimmerum
415 2924 499 2989 enim
522 2925 548 2988 si
573 2925 724 3008 excipias,
747 2945 785 2990 ao
808 2924 1050 3009 Philippsonum
1072 2925 1106 2989 in
1122 2921 1200 3009 ‘'llp
1223 2926 1393 3010 ἀνθρωπίνῃ
1417 2925 1538 3008 (Berol.

188 3042 283 3127 1831)
300 3022 549 3127 delletaphrasi
566 3044 787 3128 disserentem,
810 3064 902 3110 nemo
920 3044 1004 3126 quod
1020 3043 1119 3109 sciam
1135 3043 1355 3125 recentiorum,
1379 3045 1438 3110 nisi
1456 3044 1540 3110 sorte

190 3161 293 3228 obiter
315 3169 348 3228 et
377 3162 449 3226 aliis
471 3162 567 3228 rebus
589 3163 740 3246 intentuS,
762 3164 804 3228 ad
820 3164 1019 3229 Priscianum
1041 3164 1265 3229 illustrandum
1286 3184 1417 3248 operam
1440 3164 1538 3230 dedit.

186 3281 274 3364 atqui
300 3281 364 3346 iam
388 3283 516 3347 saeculo
534 3283 609 3348 XVl
637 3303 700 3348 non
728 3284 861 3348 multum
893 3283 1035 3350 abfuisse
1068 3282 1209 3367 comperi
1237 3283 1312 3366 quin
1339 3282 1541 3349 emendatior

187 3399 259 3465 libri
290 3407 396 3467 textus
429 3402 581 3485 prodiret.
627 3410 676 3468 est
699 3400 815 3468 Oxonii
845 3402 877 3467 in
900 3402 1095 3469 bibliotheca
1117 3401 1291 3481 Chandleri
1313 3401 1376 3467 mei
1399 3438 1440 3447 —
1464 3402 1540 3467 olim

186 3521 246 3586 suit
267 3522 340 3586 Ant.
363 3521 511 3604 Rolaudi,
545 3520 663 3586 deinde
693 3521 738 3585 Io.
762 3521 916 3586 Grammii
948 3559 989 3568 -
1023 3523 1205 3605 exemplum
1231 3521 1417 3587 Basileense
1444 3541 1540 3587 manu

187 3641 320 3724 antiqua
341 3640 493 3727 (hominis
516 3639 731 3722 Franoogalli,
755 3649 790 3705 ut
811 3640 948 3727 conicio)
970 3646 1130 3724 apparatu
1153 3639 1261 3705 critico
1286 3648 1449 3706 ornatum:
1478 3642 1541 3706 col·

188 3761 265 3825 latio
287 3761 371 3826 inest
393 3759 513 3831 codicis
535 3759 588 3843 qui
611 3760 651 3843 R,
677 3759 895 3847 beldegius,
918 3761 1109 3845 appellatur,
1137 3759 1190 3842 qui
1213 3758 1297 3825 idem
1321 3766 1371 3825 est
1392 3778 1431 3825 ac
1454 3760 1542 3825 Pari-

188 3880 277 3945 sinus
303 3881 387 3946 2073
424 3883 546 3964 (noster
573 3877 626 3962 Q),
662 3878 889 3944 accedentibus
923 3879 1112 3945 coniecturis
1145 3898 1278 3961 quarum
1311 3879 1397 3944 aliae
1428 3878 1540 3943 Fioino

188 4006 342 4082 acceptae
365 3998 554 4082 referuntur,
585 3997 670 4062 aliae
692 3998 840 4064 Turnebo
864 3998 972 4084 (quem
994 3997 1218 4082 Theophrasto
1240 3997 1379 4063 studium
1402 4018 1541 4064 navasse

188 4117 360 4203 novimus),
383 4119 469 4184 aliae
493 4118 679 4183 Ranconeto
703 4117 843 4182 Turnebi
865 4118 968 4183 amico
992 4117 1201 4200 laborumque
1223 4116 1309 4182 socio
1333 4128 1365 4183 et
1388 4116 1542 4201 consorti3

189 4239 347 4321 quaedam
371 4246 477 4304 autem
500 4235 600 4321 ipsius
622 4235 782 4320 Anonymi
804 4235 934 4318 iugenio
956 4237 1122 4303 debentur.
1167 4255 1250 4319 quae
1272 4255 1454 4319 quanquam
1476 4256 1542 4301 non

189 4357 296 4440 magni
318 4356 469 4423 momenti
498 4362 581 4438 sunt,
612 4355 639 4419 si
666 4355 715 4420 cui
738 4355 781 4419 ad
803 4356 911 4438 plures
933 4355 1124 4420 melioresve
1151 4356 1278 4421 codices
1306 4355 1413 4420 aditus
1443 4362 1542 4438 patet,

190 4475 238 4539 bis
261 4484 368 4541 tamen
392 4484 481 4541 terve
504 4477 537 4541 in
563 4475 772 4541 adnotatione
803 4481 912 4538 nostra
934 4474 1148 4559 Anonymum,
1184 4482 1295 4559 utpote
1324 4495 1388 4538 non
1411 4494 1543 4557 prorsus

190 4595 345 4679 inutilem,
369 4596 501 4661 laudare
525 4596 623 4680 potui.
