3510 5610
736 330 905 385 PRISGIANI
924 330 1007 385 LYDI

253 505 313 583 τῆς
333 504 487 584 γλώττης
503 502 595 577 τόδε,
618 505 700 587 φησί,
723 502 821 587 μέρει
843 503 880 567 δὲ
895 503 1043 588 θάτερον
1064 502 1195 589 (ἄλλῳ),
1217 503 1307 567 ἀλλά
1322 507 1372 589 τῳ
1386 504 1495 589 αύτῷ·

253 603 300 663 καὶ
323 602 370 665 ἐπὶ
393 608 445 688 τής
467 605 558 688 ἀκοῆς
580 604 613 667 δέ
635 605 753 688 δμοίως,
777 606 802 668 εἰ
824 604 882 689 ἀρα
903 606 952 668 καί
973 608 1077 668 διελεῖν
1100 604 1235 689 ἐστιτήν
1258 606 1360 690 ἀκοήν.
1396 630 1417 689 η
1439 604 1499 669 εἴτε

252 704 408 785 ήγλῶττα
434 707 467 768 τδ
493 708 641 789 γευστικδν
674 708 862 791 αἰσθητήριον
890 706 950 771 ε’ίτε
976 708 1124 789 πνεύματα
1157 706 1218 792 (τά)
1251 708 1281 770 ἐν
1307 712 1345 789 τῇ
1371 709 1499 789 γλώττῃ,

253 807 385 890 μεριστδν
407 808 523 877 πάντως
544 808 576 871 δν
599 815 701 891 σῶμα,
728 809 819 894 ἑτέρῳ
843 810 894 892 μὲν
918 811 1011 894 μορίῳ
1038 809 1110 873 ἄλλο
1132 810 1224 895 ἑτέρῳ
1252 811 1284 872 δὲ
1306 809 1377 873 ἀλλο
1400 833 1426 871 τι
1446 810 1499 872 πά-

225 922 334 992 οσχειν
356 908 409 972 οὐκ
431 911 587 974 ἀδύνατον·
615 915 656 980 ῶς
678 911 794 995 ἐναργὲς
814 916 899 974 τούτο
921 913 1025 994 γίνεται
1048 913 1082 976 ἐκ
1104 918 1156 996 τῆς
1178 914 1269 997 άρής·
1292 912 1499 995 θερμαίνεσθαι

252 1010 306 1095 γὰρ
321 1012 395 1074 κατὰ
410 1012 482 1075 ἀλλο
499 1011 597 1096 μόριον
618 1015 666 1076 καί
681 1014 829 1098 ψύχεσθαι
851 1014 925 1076 κατά
940 1013 1012 1077 ἄλλο
1033 1016 1063 1077 ἐν
1087 1020 1129 1099 τῷ
1145 1014 1225 1098 αὐτῷ
1242 1013 1340 1099 χρόνῳ
1364 1012 1498 1076 δυνατόν·

252 1114 300 1175 καί
327 1115 359 1176 τδ
388 1114 556 1197 αἰσθητικὸν
586 1115 618 1178 δὲ
646 1120 698 1197 τῆς
726 1117 817 1199 ἀκοῆς
844 1121 957 1200 πνεῦμα
985 1118 1118 1201 μεριστὸν
1145 1118 1267 1201 δηλαδή.
1313 1118 1328 1179 ό
1356 1116 1389 1180 δὲ
1414 1116 1501 1198 λόγος

253 1214 365 1298 εἴρηται
392 1219 433 1286 ῶς
454 1217 566 1302 ἀμερὴς
593 1217 644 1300 μὲν
667 1217 790 1300 ἐνεργεῖν
819 1218 851 1280 δὲ
877 1218 938 1299 ἅμα
961 1218 1094 1281 τάναντία
1121 1218 1155 1282 οἰι
1182 1218 1339 1282 κωλύεται·
1374 1220 1499 1303 πάσχειν

252 1319 306 1402 γὰρ
322 1317 380 1403 οὐχ
401 1318 495 1382 οἷόντε
516 1320 589 1383 κατὰ
610 1321 643 1382 τδ
659 1320 730 1383 αύτδ
752 1319 788 1382 τὰ
803 1320 923 1384 ἐναντία.
1020 1320 1102 1385 Ἀλλ’
1123 1323 1142 1405 ή
1162 1322 1215 1405 μέν
1229 1318 1376 1405 θερμότης
1398 1324 1439 1390 ῶς
1454 1321 1535 1395 δύο

212 1436 335 1504 ιοναμις
355 1423 462 1506 φυσικὴ
486 1419 568 1509 δρῴη
598 1422 633 1487 ἀν
655 1423 696 1492 εἰς
718 1423 750 1485 τδ
773 1421 977 1506 αἰσθητήριον,
1004 1425 1024 1507 η
1047 1424 1080 1486 δέ
1103 1425 1200 1508 μορφή
1227 1424 1275 1487 καὶ
1302 1426 1318 1487 ό
1339 1422 1428 1493 τύπος
1449 1426 1498 1488 καί

251 1526 271 1608 ἡ
294 1524 403 1608 κίνησις
425 1527 474 1588 καί
497 1529 512 1589 ό
536 1527 660 1610 ἀριθμός
688 1531 751 1593 πῶς
773 1525 913 1607 ἐξομοιοῖς
947 1526 966 1609 ή
990 1528 1037 1589 καί
1059 1531 1149 1590 ταῦτα
1171 1525 1251 1612 ἔχειν
1279 1550 1305 1589 τι
1326 1527 1499 1611 δραστήριον

253 1628 385 1711 ἐροῦμεν,
407 1630 477 1712 δρᾶν
499 1629 657 1711 δὲμᾶλλον
678 1629 844 1711 εἰδητικῶς·
869 1631 909 1696 ῶς
931 1628 984 1711 την
1004 1627 1171 1714 θερμότητα
1192 1630 1241 1692 καί
1261 1629 1313 1698 τὰς
1328 1630 1501 1714 συστοίχους

251 1728 327 1813 αὐτη
350 1732 483 1815 δυνάμεις
510 1729 791 1813 σωματοειδέστερον
819 1731 867 1793 καὶ
891 1730 938 1793 διά
963 1735 1047 1793 τούτο
1074 1735 1306 1816 πληκτικώτερον
1333 1732 1382 1794 καί
1403 1732 1499 1814 παθη·

251 1835 404 1918 τικώτερον
427 1869 467 1878 -
490 1833 516 1894 εἰ
538 1834 579 1915 μὴ
596 1830 653 1916 ἄρα
675 1834 722 1895 καὶ
742 1833 778 1894 τά
802 1834 853 1915 μὲν
870 1831 927 1894 ἰ’δια
949 1833 1076 1914 αἰσθητὰ
1092 1834 1216 1917 ἑκάστης
1238 1834 1405 1921 αἰσθήσεις
1419 1833 1500 1917 ἐναρ

213 1934 386 2019 ισγεστέραν
409 1932 474 2019 ἔχει
488 1935 540 2017 τὴν
563 1934 706 2016 ἐνέργειαν
729 1934 764 1996 τά
784 1935 816 1996 δὲ
838 1935 920 1997 κοινά
939 1935 1146 2020 ἀμοδροτέραν,
1168 1936 1205 1999 τὰ
1227 1936 1278 2019 μὲν
1301 1940 1434 2020 προσεχή
1458 1938 1500 2004 ῶς

250 2038 343 2100 οἰκεῖα
370 2036 406 2099 τά
435 2037 468 2099 δὲ
494 2036 679 2121 πορρωτέρω.
724 2037 772 2099 καί
799 2035 870 2105 ἴσως
896 2040 937 2106 ῶς
958 2038 1078 2121 κρείττω
1105 2039 1140 2102 τά
1166 2037 1248 2103 κοινά
1273 2036 1331 2123 οἰχ
1357 2037 1500 2107 ὡσαύτως

252 2140 312 2203 ἐστὶ
338 2141 376 2223 τῇ
407 2140 545 2223 αἰσθήσει
567 2139 726 2222 σύμμετρα.
770 2138 835 2201 ἀλλ’
864 2140 946 2223 όμως
972 2141 1099 2225 αἰσθητά
1127 2143 1175 2205 καί
1197 2139 1258 2225 (τὰ)
1284 2140 1366 2204 κοινά
1393 2138 1499 2203 καὶού

252 2242 327 2325 μόνη
349 2246 387 2326 τῇ
411 2242 521 2326 διανοίη
543 2242 719 2326 γνωρίζεται.
757 2243 798 2311 εἰς
821 2241 883 2306 ἔνιά
904 2266 937 2325 γε
960 2244 1017 2325 μὴν
1040 2244 1073 2307 ἐκ
1095 2249 1151 2305 τῶν
1175 2244 1324 2328 αἰσθητῶν
1346 2243 1366 2326 η
1388 2244 1500 2305 διάνοια

254 2344 417 2429 ἀναγομένη
449 2344 525 2428 αἰτή
556 2343 624 2408 καθ’
652 2344 742 2428 αύτὴν
769 2346 912 2428 λογίζεται
944 2344 1040 2408 οὐκέτι
1074 2344 1142 2409 όντα
1174 2350 1211 2430 τῇ
1246 2347 1382 2429 αἰσθήσει
1413 2368 1499 2408 κατα·

212 2450 357 2533 νυληπτά,
381 2451 423 2515 ῶς
444 2446 512 2510 ὅταν
534 2446 706 2530 τὴνούσίαν
728 2448 854 2531 γνωρίζῃ
878 2451 935 2510 τῶν
958 2448 1116 2532 αἰσθητῶν.
1150 2449 1177 2512 εἰ
1199 2449 1300 2511 δὲκαὶ
1322 2447 1429 2532 χρόνου
1450 2448 1500 2510 καί

255 2553 380 2637 ἀριθμού
397 2551 437 2633 μή
454 2549 692 2634 ἀντιλαμβάνεται
714 2572 733 2631 η
748 2548 893 2633 αἴσθησις,
917 2551 965 2612 καί
979 2549 1089 2613 τούτων
1105 2549 1185 2615 ἔσται
1207 2552 1226 2633 ή
1242 2552 1352 2613 διάνοια
1366 2551 1425 2613 ἀπδ
1440 2554 1499 2613 τῶν

250 2655 399 2738 αἰσθητῶν
421 2653 649 2736 ἀναπεμπομένη
664 2655 845 2736 γνωριστική.
946 2652 1029 2717 Ἀλλ’
1056 2654 1083 2716 εἰ
1098 2652 1166 2716 καθ’
1187 2654 1325 2737 ὁμοίωσιν
1347 2654 1499 2736 ήγνῶσις,
1519 2666 1549 2722 lo

250 2762 314 2826 πῶς
341 2757 381 2841 μὴ
411 2756 567 2841 πάσχουσα
593 2754 649 2816 ύπδ
676 2760 734 2817 τῶν
768 2755 799 2817 ἐν
826 2760 885 2824 τοῖς
912 2755 1063 2837 αἰσθητοῖς
1096 2756 1246 2839 ὁμοιοῦται
1279 2756 1351 2839 πρδς
1377 2755 1452 2819 αὐτὰ
1478 2757 1499 2839 ἠ

250 2861 375 2938 διάνοια;
403 2858 429 2921 εἰ
452 2858 484 2921 δὲ
506 2860 625 2942 πάσχει,
648 2857 747 2919 ὁποῖον
771 2856 861 2940 αὐτῆς
883 2860 915 2920 τδ
938 2858 1047 2935 πάθος;
1075 2857 1094 2940 ή
1117 2856 1151 2919 ού
1174 2857 1248 2920 κατὰ
1270 2858 1365 2926 πάθος
1386 2857 1456 2921 οὐδὲ
1477 2859 1498 2940 ἡ

208 2962 419 3044 αταίσθητική,
447 2964 488 3029 ῶς
514 2959 667 3042 ἐλέγομεν,
694 2960 785 3042 κρίσις
809 2958 908 3042 (ούπω
930 2959 1007 3041 λέγω
1033 2961 1053 3043 ἡ
1076 2960 1241 3042 διανοητικὴ
1269 2960 1397 3043 σύνεσις)
1422 2959 1500 3023 ἀλλά

250 3062 313 3130 κατ’
341 3063 484 3148 ἐνέργειαν
506 3063 555 3126 καί
577 3061 670 3144 λόγων
693 3063 848 3147 προβολήν.
897 3064 939 3131 ῶς
962 3062 994 3125 δέ
1015 3062 1073 3124 ἀπδ
1096 3065 1146 3124 τοῦ
1168 3061 1200 3124 ἐν
1221 3067 1265 3146 τῳ
1286 3063 1470 3148 αἰσθητηρίῳ
1495 3062 1556 3147 γνισ

250 3168 364 3235 πάθους
389 3167 430 3235 εἰς
452 3165 528 3234 εἰδος
554 3164 754 3248 τελειουμένου
783 3163 882 3248 ὅμοιον
909 3168 953 3248 τῳ
975 3163 1111 3250 αἰσθητῷ
1139 3165 1155 3227 ὁ
1177 3170 1235 3228 τῶν
1257 3165 1405 3249 αἰσθητῶν
1432 3190 1501 3251 προ-

250 3272 385 3357 βαλλεται
411 3269 509 3352 λόγος,
539 3270 580 3336 ῶς
606 3268 704 3352 οἰκείῳ
733 3273 774 3352 τῳ
797 3267 959 3353 αἰσθητικῷ
987 3265 1235 3351 συναρμοίόμενος
1263 3266 1334 3331 εἴδει
1355 3270 1403 3331 καλ
1426 3270 1500 3353 πρδς

249 3374 354 3437 οἰκεῖον
378 3372 552 3456 συμμέτρως
574 3369 768 3455 ἐγειρόμενος,
795 3368 872 3432 ούτω
895 3370 942 3432 καί
965 3369 981 3431 ό
1004 3372 1061 3431 τῶν
1083 3368 1232 3452 αἰσθητῶν
1255 3370 1417 3454 ποιοτήτων
1440 3395 1499 3456 κρι-

208 3494 236 3538 ινυ
248 3478 326 3546 τικδς
347 3475 431 3558 λόγος
452 3476 504 3558 τὴν
519 3479 572 3557 τῆς
587 3474 685 3541 οόσίας
707 3477 764 3535 τῶν
780 3472 930 3556 αἰσθητῶν
951 3473 1140 3556 γνωριστικήν
1156 3477 1229 3534 κινεῖ
1241 3472 1358 3553 δύναμιν
1374 3473 1499 3545 οἰκείως,

249 3580 322 3644 κατὰ
345 3580 477 3665 τὴντῶν
505 3577 653 3660 αἰσθητῶν
680 3576 840 3659 ποιοτήτων
868 3575 939 3658 πρὸς
964 3574 1016 3658 την
1039 3575 1137 3639 οὐσίαν
1165 3572 1216 3660 ἀρ’
1244 3576 1281 3659 ής
1306 3574 1499 3660 προέρχονται

248 3681 420 3766 οἰκειότητα.
518 3676 633 3761 Ἐπειδὴ
658 3678 713 3741 ύπδ
731 3679 782 3762 μὲν
799 3682 855 3740 τῶν
879 3677 957 3739 ἰδίων
980 3676 1129 3760 αἰσθητῶν
1145 3678 1272 3762 ἐναργῶς
1293 3678 1449 3761 πλήττεται
1465 3680 1498 3742 τδ
1519 3696 1540 3751 ΙΙ

248 3786 450 3870 αἰσθητήριον,
483 3786 541 3844 τῶν
569 3781 601 3843 δὲ
626 3785 729 3844 κοινῶν
760 3779 793 3843 ού
822 3782 944 3864 πρώτως
972 3779 1047 3843 ἀλλά
1074 3780 1213 3866 δευτέρως
1239 3781 1257 3863 ή
1287 3777 1355 3843 καθ’
1388 3780 1499 3846 ἕκαστα

248 3888 486 3972 ἀντιλαμβάνεται
508 3882 643 3967 αἴσθησις
671 3919 712 3929 -
739 3885 861 3967 πρώτως
887 3882 941 3967 γὰρ
968 3885 1125 3969 χρώματος
1151 3884 1170 3966 ή
1194 3881 1274 3967 ὄψις,
1301 3883 1443 3969 δευτέρως
1465 3885 1498 3948 δὲ

195 4075 596 4089 --,--..-..-

198 4197 228 4249 ll
250 4212 305 4264 sqq.
324 4194 357 4247 cf.
370 4193 486 4261 Simplie.
505 4192 522 4243 1.
533 4207 555 4244 υ.
577 4189 683 4257 12634.
704 4189 793 4256 lm).

197 4473 208 4523 1
229 4469 300 4540 ἄλλῳ
318 4470 406 4523 addidi
426 4470 544 4536 (Ficinus
561 4471 625 4538 αἰία)
732 4469 748 4522 3
772 4468 857 4539 γλῶτα
877 4470 897 4522 L
1003 4472 1035 4523 τὰ
1055 4471 1142 4524 addidi
1248 4474 1265 4523 4
1289 4474 1390 4525 πάντων
1408 4473 1496 4527 ΜΡίνιι

194 4558 210 4610 6
229 4556 290 4609 ἀλλο
309 4556 346 4625 ἐν]
367 4556 452 4610 ἄλλων
471 4560 524 4612 M¹b
623 4558 656 4610 10
673 4556 725 4629 δρῶ
743 4557 792 4609 κᾶν
809 4557 884 4611 M²Pb
988 4558 1018 4610 12
1038 4557 1136 4616 εἰδικῶς
1155 4575 1177 4610 ιι
1276 4561 1307 4612 14
1326 4561 1497 4631 ἰντργεστέραν

194 4645 234 4697 bw
253 4645 372 4711 (Ficinus
390 4646 595 4712 υσίιειιιειιίίσνιοι)
704 4644 734 4696 17
752 4646 784 4696 τά
802 4645 863 4698 add.
882 4662 904 4697 w
1010 4647 1041 4698 21
1062 4644 1277 4717 ἀντιλαμβάνηται
1295 4647 1451 4712 BLMPva

194 4731 228 4783 ⁴23
246 4731 305 4801 ύπδ]
326 4732 374 4785 ἀπὸ
393 4735 432 4786 bw
539 4732 572 4784 27
591 4731 679 4802 δμσίου
697 4731 826 4794 BLM¹QV
933 4732 966 4784 28
986 4732 1139 4804 αἰσθητικῶ]
1159 4733 1271 4804 αἰσθητῷ
1290 4734 1389 4787 Pfflbw

194 4818 250 4871 εἰσιν
268 4820 373 4887 scripsi:
393 4821 414 4873 εἰ
432 4820 458 4873 δὲ
477 4821 551 4873 codd.
570 4821 599 4872 b:
619 4819 668 4872 εἴτε
687 4836 708 4871 ιι
815 4819 848 4872 29
877 4822 1044 4892 σομέτρωςί.
1152 4822 1187 4875 30
1213 4828 1277 4874 κινεῖ
1294 4838 1344 4874 om.
1363 4821 1396 4873 L¹

194 4906 227 4958 32
246 4906 355 4977 ἐναργῶς
373 4909 479 4976 scripsi:
497 4906 622 4976 ἐναμενώς
639 4907 699 4960 LM:
718 4906 844 4976 ἰναμένως
863 4907 940 4961 Bbw:
959 4909 1003 4962 ἰνα
1020 4926 1077 4963 cum
1097 4909 1192 4963 lacuna
1210 4909 1282 4973 nQv
