3510 5610
640 307 851 363 sonoriores
869 307 916 362 ao
935 305 1116 363 euosuouu
1514 301 1555 368 57

255 506 344 549 aesea
364 497 509 548 somnum
531 483 605 546 lacit
627 480 840 547 habundantia
862 480 1046 558 umiditatis‚
1068 480 1112 544 eie
1134 484 1166 544 et
1188 479 1347 563 conceptio
1362 478 1445 542 laeta
1460 478 1506 542 in·
1524 490 1575 549 562

257 588 353 651 terius
374 587 440 652 siue
463 608 482 650 a
503 585 738 651 lassitudinibus
759 586 826 648 siue
849 583 943 648 etiam
966 583 1209 647 infirmitatibus:
1234 583 1404 666 coneipitur
1423 581 1506 644 enim

258 712 296 754 ex
317 691 423 755 labore
445 688 545 753 ueluti
567 689 720 773 quaedam
741 708 831 752 aesca
856 687 1023 769 indigesta,
1058 686 1117 750 nisi
1150 685 1304 768 quaedam
1329 684 1440 768 frigida
1466 683 1506 748 sit

258 792 466 873 abundantia,
500 792 581 876 quod
609 797 640 855 et
666 791 862 854 infirmitates
889 789 1042 873 quaedam
1063 789 1195 868 iaciunt,
1229 808 1442 872 quaecumque
1457 778 1507 851 'ex

230 895 450 959 sabundentia
473 894 564 958 calidi
587 899 618 958 et
639 892 738 958 umidi
760 893 848 956 liunt.
892 893 947 956 tali
975 893 1068 975 igitur·
1094 892 1246 974 indigesta
1268 911 1356 954 aesca
1378 891 1506 953 inflante

259 1019 297 1061 ex
319 997 420 1061 calore
443 1004 475 1061 et
497 996 620 1081 repulsa
641 995 783 1060 deorsum
805 995 987 1059 cumulatim
1014 1001 1045 1059 et
1067 995 1198 1058 calorem
1222 979 1421 1076 refrigerante
1444 992 1506 1056 effi-

259 1100 339 1164 eitur
361 1098 506 1164 dormire:
542 1098 650 1163 eadem
677 1098 761 1162 enim
788 1105 820 1162 et
845 1098 890 1162 ibi
915 1097 1090 1161 umidorum
1114 1097 1249 1162 ascensio
1272 1103 1303 1160 et
1325 1097 1444 1160 iterum·
1461 1111 1548 1158 roeo

258 1202 361 1266 lluxio.
407 1202 540 1267 dormire
572 1202 666 1285 igitur
699 1208 746 1265 est
782 1200 984 1284 refrigerati03
1022 1201 1158 1264 causalia
1193 1207 1299 1264 autem
1336 1198 1507 1262 dormiendi

259 1306 367 1384 calida,
390 1307 464 1391 quia
485 1304 620 1389 synodus
642 1304 795 1388 quaedam
819 1309 865 1368 est
885 1323 1010 1367 somnus
1032 1304 1116 1367 intus
1139 1302 1232 1366 calidi
1251 1308 1282 1366 et
1297 1322 1508 1385 compressum

217 1424 245 1468 ro
259 1409 420 1473 naturalis.
464 1430 500 1473 ae
522 1429 577 1492 per
598 1408 655 1471 hoe
676 1407 820 1471 accidunt
841 1405 1064 1471 dormientibus
1086 1407 1256 1490 corporalia
1276 1404 1400 1489 quidem
1416 1403 1505 1468 talia:

258 1518 333 1576 tune
347 1511 491 1595 equidem
513 1511 656 1594 grauiora
678 1517 710 1573 et
731 1508 885 1572 umidiora
907 1530 972 1573 esse
995 1530 1121 1594 corpora
1145 1515 1176 1573 et
1197 1507 1356 1591 algidiora,
1380 1515 1411 1571 et
1432 1511 1508 1570 tune
1579 1526 1588 1541 ·

256 1613 450 1679 solummodo
478 1613 612 1697 corporis
638 1612 671 1676 in
698 1611 949 1691 similitudinem,
984 1633 1083 1695 neque
1109 1613 1176 1677 fieri
1205 1613 1323 1675 fluxum
1350 1608 1508 1692 sanguinis

257 1717 311 1781 sed
334 1717 508 1781 breuiorem
530 1722 562 1779 et
584 1715 758 1799 pigriorem,
782 1714 851 1798 plue
874 1734 996 1798 quoque
1019 1736 1112 1798 quam
1134 1715 1316 1797 ouigilantee
1332 1712 1507 1797 inspiratio·

255 1841 327 1883 nem
357 1825 388 1883 et
410 1818 654 1902 respirationem.
698 1817 873 1902 spiritualia
900 1837 988 1880 uero:
1023 1825 1098 1881 tune
1123 1818 1271 1881 somniari
1297 1823 1329 1881 et
1355 1813 1507 1880 reeordari
1521 1830 1548 1872 ro

216 1938 245 1982 νο
258 1922 324 1987 sine
347 1921 432 1986 omni
453 1942 546 1984 sensu
568 1920 619 1984 uel
641 1919 849 2002 intelligentia
871 1918 1134 2003 phantasmatum,
1157 1928 1187 1984 et
1210 1919 1398 1983 dormientes
1413 1939 1507 2001 quam

260 2025 427 2108 uigilantes
449 2023 740 2107 contemplantioree
763 2043 827 2086 esse
850 2028 882 2086 et
903 2023 1145 2087 inuenientiores
1168 2043 1321 2086 ueromm.
1366 2023 1508 2106 grauiora

257 2127 352 2210 igitur
374 2147 502 2211 corpora
523 2126 602 2190 fiunt
624 2125 844 2190 dormientium
866 2130 990 2209 propter
1012 2126 1161 2209 quietem:
1185 2125 1284 2188 uoluti
1306 2126 1388 2189 enim
1408 2125 1507 2188 deleo-

255 2237 305 2293 tus
327 2229 454 2313 spiritus
477 2250 515 2292 ex
535 2228 683 2292 membris
705 2229 739 2291 fit
761 2228 978 2291 concumulato
1001 2226 1099 2291 calido
1123 2226 1161 2289 ad
1183 2226 1215 2289 id
1237 2226 1319 2309 quod
1342 2227 1426 2290 intus
1447 2232 1506 2290 est:
1607 2225 1610 2229 ’

255 2331 382 2414 spiritus
406 2331 490 2395 enim
513 2339 544 2395 et
566 2329 649 2394 calor
670 2350 778 2414 eorpus
801 2324 983 2409 extendunt,
1005 2329 1287 2394 solutionem'uero
1309 2331 1456 2394 umiditas
1476 2335 1507 2393 et
1524 2341 1574 2400 56³

211 2433 388 2518 ragrauitas
409 2438 593 2517 sequuntur,
614 2432 786 2515 lenigantia
809 2433 883 2496 dum
906 2431 1065 2496 deficiunt:
1099 2431 1227 2515 spiritus
1255 2432 1339 2495 enirn
1367 2442 1398 2497 et
1425 2432 1508 2496 ealor

222 2619 229 2633 Ο
255 2537 366 2600 inflans
388 2536 421 2600 in
444 2544 510 2601 toto
537 2556 661 2619 eorpore
688 2535 762 2598 lacit
787 2535 865 2599 illud
891 2535 1000 2599 leuius.
1046 2556 1083 2598 ex
1117 2534 1226 2597 eadem
1258 2556 1380 2619 quoquo
1414 2552 1547 2601 causato

257 2639 420 2722 algidiores
442 2639 522 2702 liunt
544 2638 744 2702 dormientes:
776 2638 876 2701 calore
905 2638 988 2701 euim
1018 2637 1213 2720 relinquente
1236 2645 1267 2700 ot
1290 2639 1506 2702 concumulato

257 2740 296 2805 ad
318 2739 350 2804 id
372 2740 456 2824 quod
477 2741 561 2805 intus
584 2747 645 2818 eet,
672 2740 879 2803 necessarium
901 2740 1073 2822 refrigerari
1097 2761 1134 2803 ea
1155 2759 1235 2821 quae
1256 2749 1331 2804 sunt
1352 2748 1452 2820 extra,
1475 2722 1507 2806 et

256 2844 300 2907 eie
322 2842 482 2925 rigidiores
504 2844 593 2920 liunt,
617 2849 649 2906 et
671 2841 708 2907 ob
731 2842 789 2906 hoe
810 2844 934 2927 sanguis
953 2845 1149 2907 incrassatur.
1194 2843 1241 2905 his
1257 2864 1446 2927 consequens
1463 2851 1509 2909 eet

213 2962 242 3007 aa
256 2950 292 3010 et'
315 2945 413 3029 digeri
439 2967 561 3010 aeeeam
587 2944 708 3008 sutilius
739 2952 771 3008 et
796 2946 1004 3010 somnolentos
1037 2946 1200 3010 incrassari
1234 2968 1361 3031 corpus:
1392 2949 1506 3011 etenim

257 3049 512 3132 circumpressum
535 3047 670 3111 calidum
693 3054 725 3111 et
745 3053 846 3112 totum
870 3048 1000 3111 interius
1023 3049 1214 3113 cumulatum
1239 3049 1350 3133 digerit
1363 3050 1453 3114 laeile
1477 3058 1508 3115 et

242 3147 330 3229 olto,
353 3150 399 3214 ita
420 3157 456 3213 ut
479 3155 510 3214 et
531 3151 727 3214 nutribiliora
749 3157 781 3213 et
796 3151 958 3234 pinguiora
974 3171 1100 3234 corpora
1115 3150 1192 3214 sint:
1216 3151 1273 3215 hoe
1289 3151 1371 3215 enim
1387 3152 1505 3217 anullo

254 3252 470 3336 euigilantium
492 3275 584 3317 sensu
606 3251 783 3336 impeditur.
827 3253 953 3336 spiritus
975 3274 1105 3337 operans
1133 3275 1187 3337 per
1212 3276 1302 3317 suum
1331 3256 1547 3320 naturalomeo

255 3357 406 3440 impetum
428 3355 503 3419 lauit
524 3355 728 3419 metationem
750 3376 870 3419 aescae:
895 3355 976 3419 nude
1000 3355 1170 3419 turbulenti
1192 3357 1294 3420 somni
1308 3358 1348 3421 ad
1363 3357 1505 3441 digestio·
1602 3419 1608 3428 .

199 3614 268 3667 iel.
288 3613 396 3666 Aristot.
415 3611 537 3664 roobol:
566 3609 603 3663 ἔτι
621 3610 645 3663 δ’
667 3603 696 3664 la
720 3611 808 3664 κόπων
826 3612 913 3665 ἐνίων·
942 3611 1021 3680 ὁμὲν
1040 3613 1085 3681 γὰρ
1108 3612 1188 3670 κόπος
1205 3614 1384 3684 ουντηκτικόν,
1407 3616 1435 3669 τὸ
1457 3616 1483 3670 δὲ
1502 3618 1557 3670 σὺν·

198 3720 283 3772 τηῃια
301 3699 393 3769 γίνεται
411 3697 496 3769 ὥσπερ
513 3699 595 3768 τροφὴ
615 3699 738 3762 ἄπεπτος,
762 3699 791 3751 ἂν
811 3700 846 3769 μὴ
866 3699 962 3774 ψυχρὸν
980 3697 1006 3771 ᾗ.
1042 3700 1086 3752 καὶ
1104 3701 1172 3753 νόσοι
1190 3701 1216 3754 δέ
1234 3721 1299 3760 τινες
1315 3701 1393 3754 ταὺτὸ
1411 3707 1485 3756 τοῦτο
1504 3724 1557 3758 ποι-

200 3794 281 3852 οῦσιν,
306 3786 361 3840 luat
380 3785 429 3838 ἀπὸ
448 3786 637 3857 περιττώματος
654 3786 729 3858 ὑγροῦ
748 3787 792 3838 καὶ
810 3785 906 3856 θερμοῦ
1031 3789 1046 3839 9
1074 3788 1112 3839 ld.
1130 3789 1235 3840 reiut:
1261 3787 1370 3848 ὁῦπνος
1388 3791 1438 3843 ἐστὶ
1457 3791 1558 3851 σύνοδος

199 3895 236 3935 τις
259 3879 305 3928 τοῦ
329 3872 425 3945 θερμοῦ
447 3871 506 3924 εἴσω
529 3874 573 3925 καὶ
597 3874 791 3944 dirempturum(
816 3875 909 3943 φυσική
1037 3875 1069 3926 10
1096 3883 1180 3928 cetera
1198 3893 1264 3944 quae
1281 3884 1404 3931 secuntur
1421 3896 1453 3931 ex
1473 3880 1556 3932 Theo·

198 3965 305 4032 phraeto
324 3961 446 4013 videntur
464 3961 602 4028 desumpta
706 3961 737 4012 12
756 3960 789 4013 d
808 3962 916 4013 Aristot.
935 3962 1056 4015 salaro:
1075 3968 1126 4018 τοῖς
1144 3962 1170 4015 δὲ
1189 3962 1352 4016 καθεύδουσιν
1370 3965 1396 4017 ἐν
1414 3973 1466 4026 τοῖς
1484 3966 1557 4026 ἐκτὸς

200 4050 298 4121 μέρεσιν
318 4047 421 4101 ἔλαττον
440 4046 533 4116 γίνεται
550 4046 579 4099 τὸ
598 4046 674 4116 alpe„
687 4047 753 4100 ὥστε
771 4050 814 4101 καὶ
832 4051 1009 4116 κεντουμένων
1027 4049 1063 4118 μὴ
1083 4049 1133 4120 ῥεῖν
1151 4049 1244 4119 ὁμοίως

197 4274 213 4328 3
237 4275 289 4326 nisi
311 4272 361 4325 G¹:
380 4274 403 4325 ei
422 4289 476 4325 non
496 4273 532 4325 6²
546 4275 637 4340 purtim
656 4276 681 4325 iu
699 4294 753 4326 raa.
842 4276 875 4328 ,6
899 4275 1012 4328 afficitur
1032 4275 1055 4328 G
1162 4279 1177 4330 'l
1202 4280 1251 4344 ibi]
1271 4298 1284 4326 κ
1305 4280 1342 4332 ibi
1364 4281 1399 4331 G²
1417 4299 1446 4331 ex
1464 4283 1554 4333 emend.

197 4362 288 4426 (juisse
306 4360 348 4412 hie
367 4361 497 4411 Βυοοοανο
516 4362 626 4426 viderur)
727 4362 743 4414 9
763 4378 944 4430 compraesura
966 4361 989 4413 G
1091 4365 1119 4415 ll
1140 4367 1259 4433 equidem
1279 4385 1309 4416 ez
1327 4368 1430 4435 quidem
1444 4371 1509 4435 sacr.
1532 4370 1555 4420 G

199 4447 230 4500 12
252 4449 281 4500 in
305 4448 515 4513 similitudinem]
539 4451 566 4501 in
590 4468 635 4500 om.
656 4449 690 4500 0¹
823 4466 907 4518 neque
925 4449 981 4503 fieri
1005 4452 1061 4516 eta]
1078 4453 1133 4519 suri
1151 4455 1215 4520 sort.
1238 4472 1329 4520 praece
1353 4453 1416 4524 μηδὲ
1439 4455 1555 4523 (ὁμοίως)

195 4532 304 4606 γίνεσθαι
322 4535 370 4604 τὴν
387 4539 434 4605 τῆς
453 4534 557 4605 αἵματος
576 4534 637 4606 ῥοὴν
747 4537 778 4590 15
796 4537 962 4590 lastamatum
983 4537 1006 4589 G
1115 4539 1146 4590 lli
1166 4541 1393 4608 contemplationes
1415 4542 1484 4593 6¹11

198 4622 228 4675 17
252 4621 336 4676 ueluti
354 4620 410 4690 eta]
427 4642 517 4689 praece
529 4626 595 4692 sort.
619 4623 671 4676 olor
688 4624 735 4696 γὰρ
754 4623 895 4695 κατάληψις
912 4624 1055 4692 πνεύματος
1072 4627 1164 4696 γίνεται
1183 4627 1232 4680 ἀπὸ
1250 4633 1303 4679 τῶν
1322 4622 1406 4699 με’ρῶν
1424 4628 1554 4700 ουναθροι·

196 4707 297 4769 σθένεος
314 4713 360 4762 τοῦ
377 4706 472 4779 θερμοῦ
491 4711 526 4769 εἰς
543 4710 572 4764 τὸ
591 4709 641 4763 ἔσω
770 4711 802 4764 18
829 4713 944 4765 menbris
965 4713 988 4764 G
1113 4714 1147 4767 20
1174 4715 1319 4783 lenigantia
1337 4716 1398 4768 dum
1417 4717 1553 4786 deficiunt]

195 4802 243 4854 te.
262 4794 321 4850 ὅταν
340 4798 372 4849 τὰ
390 4795 542 4867 κουφίζοντα
559 4797 660 4868 ἐπιλίπῃ
758 4798 788 4850 21
810 4815 914 4852 eausam
937 4799 970 4851 G¹
1070 4801 1103 4853 25
1122 4803 1248 4854 incrasari
1269 4801 1292 4852 G
1312 4800 1412 4870 [praece
1425 4806 1479 4870 suit
1496 4805 1555 4862 τους

195 4883 354 4943 immanuel:
372 4881 528 4960 παχύνεοθαι
545 4884 575 4938 τὸ
594 4887 680 4956 σῶμα]
787 4886 820 4940 26
835 4888 1070 4961 ,circumpraessum
1093 4890 1116 4941 G
1222 4888 1256 4942 29
1276 4890 1432 4960 degestiores
1454 4890 1488 4942 0¹
