3510 5610
355 340 607 395 ARISTOPHANIS
628 341 809 395 HISTORIAE
829 319 1022 397 ANIMALIUM
1044 342 1400 403 EP1TOME11123-125
1518 345 1560 410 67

250 513 305 577 οῦκ
329 513 365 577 ἀν
397 514 496 585 αὐτοῖς
523 539 593 579 ποτε
619 517 746 597 ἐξίτηλον
774 517 892 598 γένοιτο.
929 518 968 579 ὀἱ
996 521 1126 580 πλεῖστοι
1152 496 1219 600 γοῦν
1248 519 1304 581 ὑπὸ
1333 523 1385 602 τῆς
1412 516 1521 600 λῦπηςΙ

251 617 475 701 διαφθείρονται,
500 617 558 703 ἤδη
581 618 613 681 δέ
635 643 707 687 τινες
722 621 770 681 καὶ
785 620 931 688 κλαίοντες
946 620 1065 684 ἀστακτλ
1081 622 1129 682 καὶ
1145 621 1281 704 ἀμέτροις
1295 626 1355 699 τοῖς
1370 622 1505 704 δάκρυσιν

251 718 451 803 ἐπηρώδησαν
472 719 525 802 τὴν
548 718 622 804 ὄψιν.
660 721 821 804 εἰσάγονται
844 723 876 786 δέ
896 723 937 792 εἰς
959 722 1011 792 τὰς
1032 727 1100 791 ναῦς
1121 723 1169 790 ,διὰ
1191 723 1327 808 γεφῦρας,
1350 722 1418 808 παρ’
1435 707 1506 786 ιἐκοί-

250 845 319 903 τερα
341 821 433 902 αὐτῆς
447 823 561 884 κλάδων
583 822 749 905 τεδηλάτων
771 823 846 908 <καὶ>
868 828 1026 909 κομώντων
1050 825 1233 909 μεμιγμένων
1256 827 1304 889 καὶ
1320 826 1391 909 ῦλης
1414 824 1506 908 ἄλλης

220 926 372 1008 σχλωρῦς
399 924 611 1009 διατεινομένης
636 926 678 995 εἰς
706 928 818 1009 ἀπάτην
845 932 903 989 τῶν
930 927 1051 1011 δημίων.
1100 929 1125 990 εἰ
1152 928 1205 1011 γάρ
1236 926 1326 992 ταῦτα
1355 928 1449 1013 ὁμιβεν
1478 928 1505 989 οἱ

252 1027 418 1111 ἐλέφαντες,
441 1024 483 1089 ἔτι
503 1028 550 1090 καὶ
574 1027 640 1091 τότε
661 1029 709 1092 διὰ
723 1035 775 1113 τῆς
797 1035 850 1114 γῆς
874 1029 945 1093 ἰέναι
962 1018 1043 1115 νσφῦις
1065 1029 1170 1099 αὐτοὺς
1192 1032 1335 1106 δοκοῦσιν,
1358 1029 1428 1093 οῦδὲ
1450 1029 1508 1092 ἐπι-

253 1129 351 1213 τρέπει
378 1134 468 1192 ταῦτα
494 1130 620 1213 ὁρᾶσθαι
646 1132 698 1215 τὴν
724 1133 885 1195 θάλασσαν.
932 1115 1044 1218 βραχέα
1072 1132 1104 1196 δέ
1132 1134 1192 1196 ἐστι
1219 1134 1266 1196 καὶ
1294 1133 1444 1217 ἀγχιβαίλῆ
1471 1131 1507 1194 τὰ

253 1231 309 1314 πρδ
337 1237 390 1315 τῆς
416 1235 532 1317 χώρας,
559 1232 590 1302 ἐξ
616 1234 651 1317 ἧς
679 1234 789 1318 ἀνάγκη
816 1240 897 1299 πλεῖν
924 1235 1042 1314 αὐτούς,
1070 1236 1118 1298 καὶ
1144 1236 1174 1298 αἱ
1201 1241 1270 1304 ναῦς
1296 1236 1453 1320 ἀφεστᾶσιν
1475 1234 1506 1296 αί

250 1334 398 1417 φορτίδες·
432 1335 480 1398 καὶ
509 1336 556 1399 διά
582 1341 672 1398 ταῦτα
697 1342 751 1418 τῆς
777 1338 902 1423 γεφύρας
930 1340 975 1402 δεῖ
1000 1339 1049 1401 καί
1074 1343 1126 1421 τῆς
1154 1342 1289 1422 μηχανῆς
1316 1361 1347 1400 τε
1375 1338 1423 1399 καὶ
1449 1336 1509 1399 ἐπι·

210 1451 239 1495 ιο
254 1437 362 1521 βουλῆς
383 1443 436 1521 τῆς
457 1437 504 1501 διὰ
525 1443 584 1500 τῶν
606 1440 721 1502 κλάδων
744 1443 791 1503 καλ
814 1446 866 1524 τῆς
889 1443 960 1526 ῦλης
982 1445 1034 1524 τῆς
1056 1439 1275 1524 προειρημένης.

337 1539 431 1622 (124)
463 1541 595 1625 Διάφορα
622 1542 673 1623 μὲν
701 1543 750 1604 καὶ
777 1543 892 1607 ποικίλα
921 1549 973 1628 τῆς
1000 1548 1058 1606 τῶν
1084 1543 1248 1628 ἐλεφάντων
1278 1541 1418 1626 ἰδιότητος
1448 1540 1509 1604 ἀνω

255 1665 303 1725 μοι
325 1642 472 1705 λέλεκται·
487 1659 489 1663 ’
506 1647 554 1705 νῦν
577 1644 610 1706 δέ
631 1644 777 1728 εἰρήσεται
799 1647 848 1709 καί
870 1645 914 1709 ὅτι
936 1648 983 1710 καλ
1011 1647 1127 1731 μνήμην
1154 1644 1265 1729 ἀγαδὸν
1288 1647 1347 1708 ἐστι
1373 1646 1405 1708 τὸ
1431 1648 1508 1729 ζῴον

254 1749 353 1819 τοῦτο,
380 1747 428 1807 καὶ
454 1744 572 1814 ἐντολὰς
598 1747 720 1830 φυλάξαι
747 1747 808 1811 οἶδε
834 1750 883 1812 καλ
910 1751 951 1833 μὴ
974 1749 1132 1833 ψεύδεσθαι
1153 1750 1205 1833 τὴν
1228 1753 1285 1810 τῶν
1308 1747 1508 1830 παρακαταθε-

256 1849 350 1928 μένων
378 1848 473 1910 ὁτιοῦν
500 1847 581 1934 αὐτῷ
608 1851 781 1933 προσδοκίαν
804 1875 836 1914 τε
860 1853 909 1914 καὶ
935 1852 1046 1915 ἐλπιδα.
1093 1851 1141 1914 ὅτε
1168 1855 1236 1934 γοῦν
1255 1848 1418 1932 Ἀντίγονος
1444 1849 1509 1911 ἐπο-

212 1967 241 2011 15
255 1950 364 2035 λιὸρκει
389 1949 392 2037 ί
418 1950 586 2035 Μεγαρέας,
615 1952 657 2014 ένλ
679 1958 737 2015 τῶν
760 1954 925 2039 ἐλεφάντων
947 1959 1005 2017 τῶν
1028 1958 1192 2039 πολεμικῶν
1216 1952 1406 2038 συνετρέφετο
1428 1953 1562 2015 καλιοιοι

256 2057 366 2139 θῆλυς,
396 2053 488 2136 ὄνομα
511 2053 627 2118 Νίκαια.
673 2055 764 2140 ταῦτη
788 2057 878 2119 τοίνυν
901 2058 920 2140 ἡ
944 2061 994 2120 τοῦ
1017 2057 1170 2143 τρέφοντος
1195 2055 1282 2119 αῦτδν
1305 2057 1374 2138 γυνὴ
1398 2056 1509 2118 παιδίον

217 2168 222 2178 ’
256 2156 343 2242 ἔτυχε
371 2162 497 2221 τεκοῦσα
523 2158 578 2241 πρὸ
605 2159 722 2241 ἡμερῶν
750 2160 901 2243 τριάκοντα
927 2161 975 2222 καὶ
997 2159 1216 2246 παρακατέθετο
1238 2163 1322 2243 φωνῇ
1346 2154 1383 2242 τῇ
1404 2156 1509 2234 Ἰνδῶν,

255 2260 291 2344 ἧς
318 2261 472 2324 ἀκούουσιν
500 2261 662 2344 ἐλέφαντες.
707 2261 723 2323 ῦ
751 2262 783 2324 δέ
809 2263 857 2324 καὶ
884 2262 976 2346 ἐφιλει
1002 2265 1034 2326 τδ
1063 2262 1174 2326 παιδίον
1200 2262 1249 2325 καλ
1276 2261 1432 2346 ἐφύλαττε,
1461 2260 1509 2323 καὶ

254 2363 389 2445 κειμένου
403 2363 532 2448 ’πλησίον
555 2364 657 2448 ἥδετο,
684 2362 758 2446 <καλ>
780 2365 959 2447 κνυζομένου
982 2366 1160 2451 παρέβλεπε,
1187 2365 1235 2427 καὶ
1258 2355 1450 2431 καίλεῦδοντος
1470 2369 1508 2446 τῇ

209 2481 240 2525 νο
254 2467 423 2552 προβοσκίδι
456 2466 507 2534 τὰς
541 2466 625 2549 μυίας
658 2465 791 2551 ἀνεσόβει
824 2469 958 2549 καλάμου
988 2470 1071 2531 κλαδὶ
1100 2461 1160 2530 τοῦ
1181 2465 1438 2552 παραβαλλομένου
1468 2466 1510 2536 εἰς

253 2571 376 2653 τροφήν·
403 2567 435 2632 εἴ
452 2591 484 2650 γε
508 2569 565 2653 μὴν
587 2574 682 2652 παρῆν
699 2570 731 2630 τὸ
755 2569 869 2653 βρέφος,
894 2571 959 2634 τότε
982 2572 1030 2634 καὶ
1046 2571 1154 2655 τροφὴν
1177 2569 1372 2632 ἀνεστέλλετο.
1403 2568 1508 2632 οὐκοῦν

253 2671 312 2735 ἔδει
335 2670 416 2756 [μὲν]
437 2672 490 2755 τὴν
512 2672 672 2755 τρέφουσαν
694 2671 766 2734 αὐτὸ
790 2672 937 2756 ἐμπλῆσαι
962 2675 1013 2756 μὲν
1035 2678 1086 2736 τοῦ
1108 2674 1260 2755 γαλακτος,
1283 2672 1455 2755 παραθεῖναι
1476 2672 1509 2733 δὲ
1590 2687 1593 2691 ’

253 2779 295 2860 τῷ
322 2773 475 2858 κηδεμόνι,
505 2774 524 2858 ἦ
551 2776 667 2842 πάντως
694 2774 861 2855 ἀγανακτῶν
887 2777 906 2858 η
931 2775 1036 2840 Νίκαια
1058 2774 1094 2858 ἧν
1117 2778 1206 2860 δῆλος
1233 2767 1289 2838 καί
1302 2773 1510 2858 τεθυμωμένος

253 2877 304 2940 καί
324 2900 350 2939 τι
376 2878 424 2940 καὶ
451 2877 590 2961 δρασείων
618 2882 675 2939 τῶν
702 2879 811 2939 δεινῶν.
855 2879 993 2948 πολλάκις
1019 2879 1051 2941 δὲ
1078 2879 1126 2941 καὶ
1152 2877 1383 2944 ἀνακλαύσαντος
1408 2877 1508 2952 αὐτοῦ,

209 2995 240 3039 κσ
252 2978 315 3042 εἶτα
338 2980 390 3063 τἠν
411 2982 525 3063 σκάφην
541 2975 562 3063 ᾗ
580 2979 705 3042 ἐνέκειτο
721 2979 853 3056 διέσεισε,
875 2982 1136 3065 παραμυθούμενος
1152 2986 1195 3066 τῷ
1213 2985 1325 3064 σεισμῷ
1341 2980 1373 3042 τὸ
1393 2978 1509 3065 βρέφος,

251 3084 301 3147 οἶα
323 3083 360 3167 δή
383 3106 438 3145 που
462 3080 537 3166 [καὶ]
561 3085 677 3166 φιλοῦσι
700 3082 800 3145 καλαί
823 3084 923 3168 τροφοὶ
950 3085 997 3147 καὶ
1019 3086 1107 3168 τῆίλαι
1130 3086 1199 3169 δρῦν
1221 3088 1312 3146 ποιῶν
1335 3084 1376 3151 ῶς
1398 3080 1509 3167 ἀνδρω-

253 3210 308 3254 πος
330 3186 347 3248 ὁ
370 3185 485 3269 ἐλέφας.

341 3287 436 3371 (125)
469 3285 696 3371 Μοιχευομένην
719 3289 771 3371 τὴν
789 3292 848 3350 τοῦ
874 3288 1076 3358 πωλεῦσαντος
1099 3288 1186 3352 αῦτδν
1212 3291 1260 3352 καὶ
1286 3289 1439 3374 τρέφοντος
1462 3313 1508 3373 γυ-
1577 3346 1579 3352 .

198 3547 231 3598 ll
255 3545 374 3615 διάφορα]
391 3545 449 3597 del.
463 3549 516 3595 nat.
530 3546 610 3596 anim.
623 3546 661 3597 xl
677 3545 709 3596 14
728 3547 763 3613 (p.
777 3545 1006 3610 277‚14-278,4
1026 3549 1128 3613 Ηοιολι.)
1235 3548 1268 3601 28
1292 3545 1484 3618 μοιχευομένην]
1504 3547 1561 3600 Αολ

195 3634 214 3685 1.
229 3650 252 3686 ο.
264 3634 304 3687 XI
319 3633 350 3687 15
370 3635 406 3700 (p.
420 3631 583 3698 278,8-23
602 3632 705 3696 Herch.)
808 3624 817 3644 ⁸

195 3875 351 3945 ἳῦακρῦοις
368 3875 424 3928 del.
512 3872 716 3945 δέπηρῶθτγσαν
735 3891 768 3928 ex
786 3874 958 3946 ἐπηρῶδεισαν
976 3879 1089 3931 correxit
1105 3878 1139 3930 D¹
1232 3879 1311 3933 4καλ
1330 3881 1471 3949 κομώντων
1489 3883 1560 3936 dela

195 3963 389 4032 κοιμῶντωνλ)
531 3963 689 4032 μεμιγμένων
706 3963 742 4015 D:
768 3966 922 4032 μιγνυμένων
941 3965 1012 4016 Aah:
1037 3966 1202 4034 πηγνυμένων
1219 3967 1359 4020 Jacobsius
1498 3968 1562 4041 ῦλης

195 4049 277 4119 ἄλλης
294 4051 317 4102 Ι)
337 4050 407 4103 Ad:
432 4050 509 4122 ἄλλης
527 4048 589 4121 ὕλης
607 4051 718 4104 Herchor
736 4053 878 4104 secundum
895 4052 954 4104 Vat.
1072 4052 1087 4102 6
1110 4053 1167 4105 τότε
1185 4054 1255 4106 Λολτ
1280 4054 1378 4125 τόγιΙ)
1497 4063 1561 4127 σφᾶς

196 4137 289 4195 αὐτοὺς
307 4138 377 4190 Ad:
397 4145 460 4208 σφᾶς
479 4139 581 4197 ἑαυτοὺς
597 4139 633 4190 D:
653 4140 749 4192 delevit
765 4141 878 4193 Ηετολιοτ
984 4139 999 4190 7
1018 4136 1144 4192 δολοτταν
1159 4141 1217 4194 del.
1322 4148 1381 4210 post
1399 4144 1442 4196 καὶ
1460 4143 1564 4197 addidit

197 4224 247 4277 σοι
267 4212 399 4279 Ges'nems
506 4225 522 4277 ο
541 4228 599 4283 ναις
618 4227 656 4279 sic
675 4227 697 4279 ο
717 4228 773 4280 ιιι.
795 4227 827 4280 cf.
844 4227 968 4280 Lobeckii
987 4227 1150 4295 Phrynichus
1168 4244 1194 4296 ρ.
1211 4228 1259 4281 ιτο
1367 4230 1396 4282 ιι
1418 4231 1470 4282 do,
1489 4231 1562 4284 Ad:

197 4313 299 4365 MD
415 4312 447 4364 12
470 4314 513 4366 καλ
532 4311 569 4365 ὅτι
587 4312 630 4365 καὶ
649 4314 683 4365 D:
708 4313 745 4367 ῦτι
763 4315 807 4367 καλ
826 4315 882 4366 Αυλ.
994 4314 1026 4367 13
1050 4296 1291 4384 ιβεῦσιισλλαιέιολ.Ι
1376 4317 1464 4370 13.14
1483 4337 1562 4389 παρα-

196 4397 416 4467 ιπττδιμένωνλ)
547 4400 577 4453 16
601 4400 677 4453 αὐτὸν
695 4402 764 4455 Aah:
788 4401 849 4454 αὐτὸ
869 4403 891 4454 Ι)
1014 4403 1109 4455 παιδίον
1127 4404 1150 4455 Ι)
1168 4404 1238 4457 Ad:
1263 4404 1358 4456 παιδίον
1376 4404 1412 4469 <ῦ>
1428 4407 1526 4459 Jacobs

201 4487 232 4540 17
256 4488 300 4539 καλ
319 4487 415 4540 delevit
431 4488 528 4542 Jacobs
648 4488 679 4540 19
703 4489 746 4541 καλ
764 4494 823 4556 post
840 4489 914 4559 ἥδετο
933 4489 1022 4542 addidi
1041 4507 1075 4564 οκ
1092 4491 1150 4545 Ael.
1269 4492 1563 4559 κνυζωμένυυΗυτολιοτ
1625 4559 1630 4571 ²

197 4573 233 4625 20
256 4573 380 4643 ἀπεσόβει
391 4574 532 4628 Schneider
672 4575 704 4627 21
731 4575 754 4628 εἴ
769 4594 797 4645 γε
816 4577 866 4646 μὴν
885 4579 919 4629 D:
944 4576 968 4629 εί
983 4596 1010 4647 γε
1028 4579 1064 4648 μὴ
1083 4578 1152 4631 Ael.:
1177 4580 1197 4632 εἰ
1215 4579 1241 4632 δὲ
1259 4580 1295 4649 μὴ
1316 4579 1427 4633 Gesner:
1451 4581 1562 4635 fortasse

198 4660 266 4730 είγτ
284 4661 336 4731 μὴν
353 4661 413 4730 (μὴ)
529 4662 563 4714 22
585 4662 631 4732 τἠν
650 4664 720 4716 dola
743 4665 788 4731 μὲν
806 4664 853 4734 τὴν
872 4666 893 4717 Ι)
1013 4663 1046 4717 23
1070 4665 1086 4735 ίγ
1106 4661 1200 4719 Νίκαια
1218 4668 1288 4721 Aah:
1314 4687 1346 4738 τη
1366 4667 1449 4737 νικαίᾳ
1468 4669 1491 4720 D

123 4743 131 4757 '
198 4748 232 4801 25
250 4746 268 4818 ᾗ
287 4749 395 4801 ἐνέκειτο
413 4748 513 4802 διέσεισε
530 4750 600 4803 Ad:
618 4750 649 4820 ἣν
666 4749 770 4803 διέκειτο
789 4751 930 4804 ἐνέσεισιΙ)
1024 4752 1057 4804 26
1076 4771 1124 4806 που
1140 4754 1211 4807 ded:
1231 4773 1278 4807 που
1297 4754 1380 4806 mlo
1474 4757 1562 4826 τροφοὶ

200 4838 270 4890 dela
294 4838 384 4908 τροφαὶ
404 4837 425 4888 Ι)
569 4837 612 4888 καὶ
633 4836 709 4907 πηδαι
730 4839 768 4891 sic
787 4839 809 4890 D
832 4839 875 4902 (cf.
894 4839 1017 4894 Lobeckii
1039 4841 1136 4908 Phryn.
1155 4858 1181 4909 p.
1196 4840 1268 4907 134):
1293 4842 1336 4894 καὶ
1358 4842 1384 4895 αἱ
1404 4841 1486 4897 τίτθαι
1504 4844 1562 4897 λεί.

200 4923 242 4977 26.
256 4924 289 4977 27
308 4924 344 4984 ῶς
363 4923 496 4997 ἄνθρωπος
511 4925 545 4977 D:
566 4924 588 4976 ῶ
607 4922 736 4995 ἅνθρωποι
754 4927 809 4979 del.
906 4927 940 4979 28
958 4928 1004 5000 τὴν
1022 4929 1057 4980 D:
1076 4930 1123 4999 γὰρ
1141 4931 1189 4999 τἠν
1206 4929 1263 4983 Λολ.
1363 4930 1522 4991 πωλέσαντσς
1538 4932 1561 4984 Ι)
