3510 5610
352 326 605 381 ARISTOPIIANIS
624 326 810 381 sslsToRle:
829 326 1021 380 Ammonio
1041 327 1187 381 EPITOME
1206 328 1227 379 ΙΙ
1248 326 1395 379 272-277
1511 326 1553 391 92')

249 500 280 569 ἐξ
309 502 481 585 ἑτερογενῶν
512 500 687 565 συνελθόντα
716 504 754 583 τῇ
786 502 872 584 μητρί
902 504 1011 583 μᾶλλον
1040 500 1163 563 ἐοικέναι
1192 502 1338 584 τυγχάνει.
1391 498 1440 563 καί
1469 496 1499 559 ἐν

250 603 348 687 μέντοι
368 609 427 673 τοῖς
446 604 613 687 ἀνθρώποις
628 604 766 670 πολλάκις
781 626 801 686 η
821 608 879 665 τῶν
898 602 1072 685 γειναμένων
1088 604 1174 666 εἰκῶν
1189 599 1314 686 ἔσχατον
1329 602 1500 683 ἀνεγνώσθη

250 706 384 790 καθάπερ
410 706 448 789 δὴ
477 706 526 768 καλ
556 710 675 787 γυναῖκα
702 705 806 768 παθεῖν
834 704 864 767 ἐν
887 700 983 768 Ἤλιδι
1012 704 1097 788 λόγος
1124 705 1205 788 ἀνδρὶ
1233 705 1284 787 μὲν
1312 704 1385 767 κατά
1412 702 1500 787 νόμον

250 808 389 893 ἡγμὲνην,
412 806 532 871 Αἰθίοπι
554 808 586 870 δὲ
607 808 659 891 τὴν
681 806 767 891 εὐνὴν
790 806 981 870 κλέπτουσαν.
1026 807 1114 891 κόρην
1141 808 1192 889 μὲν
1214 806 1268 889 γὰρ
1291 807 1392 891 ἐκείνῳ
1414 807 1500 868 τίκτει

219 910 370 993 σλευκήν,
396 910 470 992 αῦτη
494 908 542 985 δέ,
569 914 640 993 φεῦ,
662 914 700 993 τῇ
726 909 811 992 μητρὶ
833 910 866 971 τὸ
889 909 980 992 μύσος
1002 910 1210 984 ἀνακαλύπτει,
1234 910 1281 972 καὶ
1304 911 1392 971 παῖδα
1414 913 1498 992 γεννᾷ

250 1012 370 1097 μέλανα,
393 1015 495 1096 σαφῶς
517 1012 594 1079 όστις
615 1010 651 1095 ἦν
674 1013 690 1075 ό
710 1013 827 1079 πάππος
849 1012 1054 1095 διασαφοῦντα.
1140 1011 1234 1094 (273)
1256 1015 1375 1075 πλεῖστα
1398 1012 1499 1074 δὲκαὶ

248 1114 324 1177 ἀλλα
345 1120 402 1177 τῶν
426 1112 512 1199 ζῴων
535 1114 702 1199 ἀλλοτρίους
724 1112 834 1197 ἔρωτας
861 1115 908 1176 καὶ
932 1114 1020 1196 μίξεις
1041 1117 1129 1197 φιλεῖ.
1174 1114 1291 1183 αὐτίκα,
1318 1114 1404 1199 φησί,
1430 1136 1500 1196 παρ-

249 1218 348 1280 δαλεσι
371 1218 418 1280 καὶ
440 1217 531 1285 κυσίν,
555 1216 570 1279 δ
593 1219 641 1279 καὶ
665 1216 741 1285 ξένον
766 1216 891 1283 ἀκούειν,
914 1216 1032 1285 λέοντας
1054 1214 1120 1279 οἴδα
1142 1215 1375 1299 συγγινομένους,
1397 1214 1502 1283 λύκους

249 1320 284 1382 δὲ
311 1320 431 1387 ύαίναις·
470 1319 643 1403 βουβαλίδας
670 1319 702 1381 δὲ
728 1319 826 1387 ἵπποις
851 1342 883 1381 τε
908 1319 956 1380 καί
983 1318 1066 1401 βουσὶ
1095 1322 1155 1387 τοῖς
1183 1318 1305 1401 ἀγρίοις·
1343 1318 1439 1380 ἵππων
1469 1318 1502 1381 δὲ

207 1436 236 1481 1⁰
248 1422 380 1505 τίγρητες
402 1423 432 1492 ἐς
454 1420 549 1507 ἔρωτα
572 1420 677 1505 ἦλθον,
705 1427 798 1483 κυνῶν
821 1421 854 1482 δὲ
876 1421 1040 1490 ἀλώπεκες.
1070 1420 1138 1483 ὅθεν
1161 1422 1198 1504 δή·
1221 1442 1292 1505 φασι
1314 1421 1361 1484 καί
1385 1421 1502 1483 ἀλωπδν

249 1524 391 1609 φύεσθαι·
425 1524 491 1587 οῖδα
513 1525 545 1586 δὲ
567 1525 615 1586 καὶ
638 1522 741 1607 ἄρκτον
764 1524 826 1585 κυνὶ
849 1524 1059 1595 συνελθοῦσαν,
1086 1524 1116 1592 ἐξ
1143 1524 1184 1585 ών
1207 1523 1284 1586 ἕλκει
1310 1523 1445 1605 τὸγένος
1468 1523 1501 1590 ἀς

248 1630 386 1692 καλοῦσιν
413 1625 604 1711 ἀρκτόκυνας.
631 1626 661 1688 αἳ
689 1626 736 1688 καὶ
764 1626 799 1687 τά
823 1624 884 1707 ἤθη
907 1626 980 1688 κατὰ
1002 1625 1054 1693 τάς
1075 1622 1193 1695 Ἄλπεις
1215 1624 1325 1711 ἔχουσι.
1369 1626 1418 1689 καὶ
1440 1627 1501 1688 κυνὶ

248 1731 283 1793 δὲ
305 1728 385 1813 Ἰνδῷ
410 1730 496 1811 τίγρις
523 1730 571 1791 καὶ
597 1728 679 1790 ῖπποι
705 1726 787 1789 τόνδε
815 1728 863 1789 τὸν
888 1726 994 1809 τρόπον
1021 1726 1096 1797 όνοις
1118 1730 1272 1812 συνῆλθον.
1318 1728 1371 1791 οῦκ
1398 1729 1503 1812 ἀπορεῖ

248 1834 284 1895 ’δὲ
305 1832 373 1895 οῦδὲ
396 1832 525 1895 θάλαττα
548 1830 634 1899 ξένων
657 1830 790 1913 ἐρώτων,
819 1828 882 1892 ἀλλ’
904 1828 962 1912 ἤδη
985 1832 1033 1893 καὶ
1057 1832 1196 1916 μυραίνης
1223 1833 1319 1914 κοίτην
1342 1832 1358 1893 ό
1381 1832 1503 1914 γηγενὴς

207 1952 235 1997 15
249 1936 370 2020 ἔκλεψεν
393 1932 467 2019 όφις.

335 2036 430 2120 (2ῖ4)
462 2033 627 2118 ,λεόπαρδος
650 2032 746 2115 μέντοι
769 2035 801 2096 τδ
825 2039 901 2120 ζῷον
928 2035 976 2097 καί
1002 2034 1074 2098 αῦτδ
1096 2037 1252 2121 διαφόρους
1273 2034 1339 2121 ἔχει
1361 2037 1428 2105 τοὺς
1449 2060 1503 2119 γει-

249 2140 404 2223 ναμένους·
438 2138 561 2201 τίκτεται
587 2137 641 2221 γάρ
669 2135 783 2205 λέοντός
804 2160 836 2199 τε
862 2138 910 2200 καὶ
933 2139 1102 2221 παρδάλεως
1125 2140 1218 2202 κοινὸν
1242 2140 1272 2209 ἐς
1294 2138 1388 2223 ἔρωτα
1411 2139 1502 2208 Ευνελ·

250 2243 373 2307 θόντων.
411 2244 499 2313 σώζει
522 2241 554 2302 δὲ
577 2240 684 2322 μητρός
708 2240 759 2320 μὲν
782 2240 814 2301 τδ
837 2244 945 2323 χρῶμα
967 2242 1016 2303 καὶ
1039 2241 1178 2323 στίγματα
1201 2242 1248 2303 καὶ
1269 2242 1372 2325 ὁρμήν,
1396 2244 1502 2326 πατρὸς

250 2346 286 2409 δὲ
307 2345 430 2427 με’γεθος
456 2344 504 2405 καὶ
529 2342 682 2425 θυμοειδὲς
705 2340 776 2403 αύτδ
799 2342 847 2404 καὶ
870 2341 1015 2426 ἄτρεστον.
1115 2344 1209 2426 (⁸275)
1236 2342 1324 2405 όπότε
1346 2344 1379 2406 δὲ
1402 2344 1499 2407 λεάινα

207 2464 238 2509 υ)
251 2449 392 2531 παρδάλει
417 2452 471 2528 τῆς
496 2444 593 2527 κοίτης
618 2444 724 2525 ἐκστῇ,
750 2443 786 2504 τά
813 2442 874 2527 ἤθη
900 2443 964 2507 τότε
991 2448 1114 2510 λιποῦσα
1141 2447 1241 2530 πόρρω
1269 2452 1427 2530 μεταφοιτᾷ
1453 2447 1501 2509 καί

249 2554 369 2615 δασεῖαν
385 2548 479 2611 ὕπεισι
500 2546 630 2631 λόχμην·
658 2545 726 2608 οὐδὲ
740 2546 794 2630 γάρ
817 2545 881 2631 ἔχει
897 2547 1079 2631 θαρρούντως
1102 2549 1260 2632 ὑποστῆναι
1274 2550 1322 2610 τδν
1346 2548 1440 2621 τόκον,
1461 2550 1502 2618 εἰς

249 2652 371 2737 ἔλεγχον
394 2650 492 2731 ὥσπερ
520 2654 598 2732 σαφῆ
626 2649 658 2710 τδ
686 2650 797 2711 στικτδν
823 2648 934 2730 ἀγουσα
961 2654 1011 2713 τοῦ
1034 2652 1180 2731 σκυμνίου.
1280 2651 1373 2733 (276)
1398 2652 1499 2735 ἀμέλει

251 2760 321 2839 γοῦν
346 2754 395 2817 καὶ
424 2751 497 2835 μετά
523 2751 593 2833 μίξιν
623 2747 627 2835 Ι
653 2756 794 2833 ποταμοῖς
821 2751 934 2814 ἐκλούει
962 2754 993 2814 τδ
1016 2758 1117 2834 σῶμα,
1145 2754 1192 2817 καὶ
1215 2754 1342 2836 ἀμαυροῖ
1362 2756 1413 2836 τὴν
1437 2755 1551 2824 ἐξικνοῖ-

217 2838 226 2855 ⁸
251 2859 347 2940 δσμης
369 2854 514 2937 αἴσθησιν.
558 2853 584 2916 εί
605 2855 660 2937 γάρ
683 2855 699 2915 ό
723 2854 855 2923 σόνευνος
877 2858 966 2917 ταῦτα
988 2856 1078 2939 γνοίη,
1101 2856 1182 2941 αὐτῷ
1206 2858 1285 2920 παιδὶ
1307 2856 1430 2919 διολέσει
1451 2859 1499 2920 καὶ

209 2978 239 3023 τυ
252 2962 306 3043 τὴν
329 2962 478 3022 τεκοῦσαν.

336 3060 429 3142 (δῖ’ί)
456 3056 611 3141 Ἱάγδαῖον
638 3062 657 3143 ἡ
683 3061 821 3144 πάρδαλις
846 3060 895 3122 καὶ
922 3060 1088 3144 ὀξύρροπον.
1131 3066 1194 3128 ταῖς
1215 3061 1318 3145 όρμαῐς
1341 3062 1501 3146 ἐπιτήδειον

253 3163 330 3247 αὐτῇ
352 3164 384 3225 τό
408 3164 494 3245 σῶμα
517 3163 715 3234 συνέζευκται,
741 3166 780 3246 τηῙ
807 3161 940 3247 ὑγρότητι
966 3165 1014 3225 καὶ
1039 3168 1081 3247 τῷ
1111 3162 1212 3247 κούφῳ
1240 3167 1298 3233 τοῖς
1324 3170 1377 3248 τῆς
1402 3172 1501 3251 ψυχῆς

251 3268 390 3350 κινήμασι
413 3264 618 3348 συνεπόμενον.

194 3540 229 3577 ex
248 3524 340 3591 Antig.
357 3524 458 3590 Caryst.
476 3538 498 3574 c.
516 3522 563 3573 122
585 3528 612 3575 εί
631 3523 711 3575 Arist.
724 3540 810 3592 gener.
823 3524 902 3575 anim.
916 3520 937 3574 Α
952 3522 982 3574 18
1002 3540 1027 3591 p.
1042 3522 1133 3574 72228
1157 3521 1300 3575 ἀποδιδόασι
1322 3524 1369 3593 γὰρ
1392 3524 1432 3577 διὰ
1454 3525 1554 3578 πολλῶν

194 3615 291 3680 γενεῶν
309 3608 334 3661 αἱ
353 3607 510 3678 ὁμοιότητες,
529 3608 579 3660 οἷον
597 3610 640 3662 καί
659 3612 685 3663 ἐν
704 3608 783 3663 Ἤλιδι
805 3610 820 3679 ἡ
842 3618 878 3679 τῷ
898 3607 999 3662 Αἰθίοπι
1020 3611 1198 3680 συγγενομένη·
1223 3609 1252 3661 ού
1271 3610 1317 3680 γάρ
1339 3611 1354 3680 ἡ
1374 3610 1484 3685 θυγάτηρ
1503 3614 1554 3683 ἐγί·

194 3715 269 3759 νττο,
291 3694 344 3749 ἀλλ’
365 3696 379 3748 ό
404 3697 433 3749 ἐκ
457 3695 550 3767 ταύτης
574 3694 675 3767 λίθίοψ.
717 3701 828 3750 ceterum
854 3699 920 3751 hone
946 3698 961 3764 ,θ
987 3716 1001 3750 o
1024 3698 1159 3749 Timotheo
1185 3697 1364 3749 continuatam
1389 3716 1445 3753 osso
1470 3703 1552 3753 oratio

195 3784 273 3837 docet
373 3784 389 3831 ό
408 3782 521 3851 πλεῖστα]
540 3786 710 3850 probabiliter
728 3802 742 3838 o
760 3786 894 3837 Timotheo
996 3784 1026 3835 13
1044 3784 1091 3836 οῦκ
1110 3784 1208 3853 ἀπορεῖ]
1228 3784 1259 3836 os.
1278 3785 1487 3840 Aeonaoaoim.
1498 3790 1508 3841 Ι
1520 3790 1554 3841 50

195 3870 404 3939 (p.·2o‚17-·2o
421 3872 533 3935 Homo).
560 3871 640 3924 lxoo
657 3874 694 3939 (ρ.
705 3871 865 3935 msto—18
884 3872 984 3934 Heroh.)
1097 3872 1127 3921 lo
1147 3871 1294 3943 λεόπαρδος]
1311 3874 1422 3925 Ὶῖιιιοίίι.
1437 3875 1550 3941 μ.11,·.)ί

195 3976 256 4027 πεφ.
269 3958 300 4027 ιβ’
319 3960 375 4027 περὶ
387 3958 531 4029 λεοπάρδαυ.
558 3956 596 4010 ότι
615 3959 644 4009 ἐκ
664 3960 790 4016 συνουσίας
803 3958 903 4017 λέοντος
920 3962 964 4011 καί
978 3959 1122 4031 παρδάλεως
1140 3960 1249 4011 τίκτεται
1358 3961 1388 4012 19
1407 3960 1493 4030 όπότε]
1511 3963 1554 4013 Τλ-

195 4046 278 4099 moth.
296 4062 322 4113 p.
337 4045 416 4111 11,23
439 4044 477 4097 ότι
493 4046 568 4115 ἡνίκα
586 4045 670 4098 λέαινα
688 4046 767 4098 τίκτει
786 4047 814 4098 ἐκ
834 4046 990 4115 παρδάλεως,
1011 4046 1113 4115 κρύπτει
1133 4046 1162 4098 τὸ
1181 4048 1269 4116 τεχθὲν
1287 4048 1331 4099 καὶ
1349 4048 1440 4117 ἑαυτὴν
1458 4048 1497 4100 ἵνα
1516 4050 1551 4118 μὴ

194 4132 209 4185 ό
227 4132 295 4185 λίων
314 4132 394 4202 τύρων
412 4132 564 4203 διασπαράξη
671 4133 705 4184 ‘22
723 4132 820 4201 ἀμέλει]
840 4133 951 4185 Τίιιιυίίι.
969 4134 1085 4201 μ.11,·.).’ἰ
1104 4134 1141 4186 ότι
1160 4136 1185 4186 ἐν
1204 4134 1303 4193 πολλοῖς
1321 4134 1419 4187 λούεται
1435 4143 1554 4205 ποταμοῖς

193 4220 236 4273 ἵνα
249 4220 422 4290 ἀπορρύψηται
440 4220 486 4289 τλγν
504 4220 596 4289 ἀσμήν·
619 4223 661 4274 ἐάν
680 4223 725 4292 γάρ
744 4222 859 4290 αἴσθηται
875 4220 975 4283 θλίων,
994 4222 1087 4290 ἀναιρεῖ
1103 4222 1146 4272 καὶ
1159 4222 1243 4273 ούκέτι
1262 4223 1317 4275 οὐδὲ
1335 4222 1399 4293 άλλη·
1419 4224 1555 4292 συγγίνεται

194 4306 230 4361 26
254 4306 380 4379 ῥαγδαῖον]
404 4308 437 4361 cf.
458 4309 537 4360 Arist.
553 4308 720 4375 physiogn.5
742 4324 766 4375 μ.
780 4308 1042 4361 Sooooo-sloalo

197 4550 209 4599 l
230 4548 339 4601 ἑοικέναι
356 4551 472 4619 τυγχάνει
488 4551 594 4618 scripsi:
612 4548 679 4600 ἔοικε
698 4550 827 4618 τυγχάνειν
845 4548 867 4599 D
958 4548 973 4600 ·2
992 4550 1077 4615 μέντοι
1094 4550 1127 4601 D:
1148 4550 1256 4605 ίυιίτιεευ
1274 4555 1319 4621 μὲν
1413 4556 1429 4607 3
1447 4555 1515 4626 ῆλιδι
1532 4558 1553 4607 l)

193 4638 211 4688 4
234 4636 347 4707 ἠγμίνην
365 4638 471 4704 scripsi:
494 4637 590 4707 κ’,γμένη
612 4638 632 4688 Ι)
740 4636 747 4647 “
781 4634 934 4687 κλέπτουσαν
953 4638 1059 4704 scripsi:
1082 4638 1222 4691 κλέπτουσα
1242 4641 1262 4691 1)
1419 4643 1447 4693 19
1471 4644 1555 4713 ἔχουσι

194 4724 303 4791 scripsi:
325 4723 428 4793 ἔχου-σαι
447 4724 468 4775 Ι)
584 4724 613 4774 13
636 4723 706 4775 ῖπποι
725 4723 831 4790 ειϊίγιείε
853 4723 937 4779 ἵπποις
957 4725 976 4775 Ι)
1091 4726 1120 4777 14
1145 4727 1248 4795 ἐρώτων
1267 4730 1371 4796 sto-ipsi:
1397 4731 1513 4799 ἐρώντων
1533 4734 1553 4782 ί)

198 4810 231 4862 16
248 4809 375 4881 εόπαρδος,
394 4808 415 4862 Α
433 4827 449 4861 o
469 4812 626 4863 moricatoro
645 4813 750 4867 omisso,
770 4812 790 4861 ί)
896 4812 925 4861 lo
946 4812 1065 4879 στίγματα
1084 4815 1190 4882 ειϊίγιεῖε
1210 4816 1298 4884 στίγμα
1317 4817 1337 4867 Ι)
1439 4818 1471 4867 27
1490 4819 1553 4892 αῦτη]

195 4898 304 4967 σιτίμεὶτ
327 4896 391 4968 αὕτη
413 4898 433 4951 1>
