3510 5610
203 317 244 383 34
293 284 297 291 ’
464 308 468 315 ’
666 278 669 285 ’
741 280 910 370 νπιεοικνι
929 314 1009 369 ινυι

256 490 356 575 ῦλης,
385 494 475 557 οῦτω
498 494 554 556 καὶ
576 491 620 555 τὰ
638 492 715 577 περὶ
741 492 797 554 τδν
821 494 899 554 νοῦν
922 488 1081 574 άμφὺτεροι
1103 491 1308 575 ἀποφαίνονται
1335 492 1405 555 ὅτε
1424 487 1503 574 Ἀρι-

255 594 392 678 στοτέλης
416 597 465 658 καὶ
491 595 507 657 6
531 593 716 680 Θεόφραστος
738 630 779 638 -
801 594 820 677 ἢ
844 597 927 657 τοῦτο
948 595 1117 677 δηλοῦντες,
1146 593 1207 668 ὅτι,
1237 595 1336 678 ῶσπερ
1357 593 1394 656 τὰ
1415 591 1503 657 ένυλα

255 695 318 781 εἴδη
340 702 377 781 τῇ
401 697 512 781 ἐπινοίᾳ
535 696 610 781 μόνη
632 697 787 781 χωρίζεται
809 701 861 780 τῆς
876 696 956 780 ῦλης,
978 697 1026 758 καὶ
1048 694 1139 778 ταῦτη
1163 695 1272 780 ἑτέρῳ
1294 698 1352 759 καὶ
1375 695 1503 779 ἑτέρως

254 794 371 883 ἔχοντι
394 802 532 884 κρίνεται,
560 802 601 868 ὡς
623 798 698 888 μάνη
727 797 1100 884 άπυδιαλαμβανόμενατή
1127 798 1252 882 ἐπινοίᾳ,
1280 799 1356 862 οὑτω
1380 799 1502 889 καὶτοῦ

228 901 373 986 υδυνάμει
396 907 445 966 νοῦ
468 902 542 966 κατὰ
564 900 654 986 μάνην
673 901 798 964 ἐπίνοιαν
821 901 975 987 χωρίζεται
997 901 1033 965 τὰ
1054 898 1133 983 εἴδη·
1156 901 1219 963 ἐπεὶ
1241 900 1305 965 κατ’
1332 884 1432 965 οῦσίαν
1456 902 1501 964 ἀεὶ

246 1003 306 1068 ’σὺν
328 1010 387 1074 τοῖς
402 1003 507 1068 εἴδεσιν
530 1005 669 1089 ὑπάρχει·
692 1004 738 1067 ίνα
753 1005 801 1067 καὶ
823 1005 904 1072 ὅπως
919 1004 1039 1088 δυνάμει
1062 1003 1175 1086 λέγεται
1198 988 1245 1066 καὶ
1262 1003 1351 1087 μηδὲν
1374 1004 1503 1087 ἐνεργείᾳ

253 1107 468 1191 ἐπιστήσωμεν,
491 1107 535 1170 ῦτι
556 1107 631 1171 κατὰ
653 1105 743 1190 μάνην
766 1107 954 1169 ἐπίνοιαν-
977 1106 996 1189 ἦ
1020 1103 1069 1169 οὑν
1091 1111 1176 1169 τοῦτο
1199 1106 1387 1189 σημαίνουσιν
1408 1106 1502 1188 (οὑτω
1546 1148 1549 1154 -

253 1210 307 1293 γὰρ
330 1209 470 1294 ἐξηγεῖται
497 1211 512 1272 6
537 1209 738 1294 Πλούταρχος)
759 1209 779 1292 ή
804 1207 862 1276 ὑτι,
889 1210 987 1293 ῶσπερ
1009 1207 1045 1270 τὰ
1067 1209 1197 1294 χωριστὰ
1224 1214 1275 1293 τῆς
1298 1209 1366 1292 ῦλης
1389 1208 1424 1270 τὰ
1448 1208 1501 1292 μέν

254 1312 331 1374 ἐστιν
354 1311 444 1381 ῦντως
465 1312 596 1397 χωριστὰ
619 1315 660 1381 ῶς
682 1312 718 1374 τὰ
736 1310 820 1386 άυλα,
843 1311 932 1374 τὰδὲ
956 1309 960 1397 Ι
984 1310 1046 1374 κατ’
1066 1312 1191 1375 ἐπίνοιαν
1214 1314 1256 1379 ῶς
1270 1312 1306 1374 τὰ
1327 1309 1390 1374 κατ’
1417 1311 1503 1395 άφαί·
1516 1325 1558 1370 ενυ

214 1429 240 1474 10
252 1436 344 1498 ρεσιν,
371 1417 448 1480 οῦτω
470 1416 518 1477 καὶ
544 1418 650 1477 νοεῖται
676 1414 781 1498 άμφω,
807 1414 842 1476 τὰ
865 1415 918 1497 μὲν
941 1419 982 1486 ῶς
1010 1415 1099 1483 ὄντως
1121 1415 1267 1499 χωριστά,
1293 1414 1328 1476 τδι
1349 1415 1382 1477 δὲ
1403 1414 1429 1476 εἰ
1452 1415 1502 1477 καὶ

252 1524 290 1603 τῇ
314 1519 425 1602 ἐπινοίᾳ
447 1517 601 1602 χωρίζεται
623 1516 689 1580 ἀλλ’
717 1516 770 1579 οῦκ
793 1516 827 1580 ἄν
849 1517 945 1587 άλλως
974 1518 993 1602 ή
1017 1518 1125 1586 ἐνὺλως
1147 1517 1314 1602 ὑφεστῶτα·
1347 1517 1366 1600 ή
1391 1519 1502 1600 μᾶλλον

253 1620 361 1696 ἐκεῖνο,
391 1620 435 1698 ὅτι
462 1620 498 1683 τὰ
520 1622 585 1704 περὶ
612 1620 660 1682 τδν
688 1624 754 1683 νοῦν
777 1620 854 1683 οῦτω
882 1621 981 1684 ὑετέον
1005 1621 1103 1704 ῶσπερ
1132 1620 1168 1682 τὰ
1193 1613 1324 1705 χωριστὰ
1349 1619 1398 1682 καὶ
1425 1618 1502 1683 άυλα

252 1723 453 1805 ὃιατιθέμεὺα,
476 1723 523 1786 ἵνα
546 1722 586 1805 μὴ
610 1719 671 1786 κατ’
692 1722 818 1785 ἐπίνοιαν
842 1723 916 1786 ἀλλὰ
937 1724 1041 1808 κυρίως
1063 1723 1096 1785 τδ
1118 1723 1293 1808 χωριστὸν
1316 1722 1500 1805 ἀκούσωμεν.

252 1829 294 1894 ῶς
315 1826 369 1911 γὰρ
392 1826 428 1889 τὰ
443 1825 518 1889 άυλα
539 1823 603 1910 εῖδη
627 1822 716 1893 ὄντως
735 1829 876 1911 χωριστά,
899 1825 976 1888 οῦτω
998 1828 1046 1889 καὶ
1070 1825 1085 1888 6
1108 1829 1174 1893 νοῦς
1195 1825 1350 1909 χωριστῦς·
1374 1825 1422 1887 καὶ
1445 1823 1500 1906 γὺρ

213 1944 239 1988 ισ
253 1929 309 2012 πρδ
331 1933 388 1992 τῶν
404 1929 513 1991 ἐνὺλων
535 1926 570 1989 τά
586 1926 662 1992 άυλα
684 1925 747 2011 εἴδη
764 1929 927 2012 Ιὑφεστάναι
950 1952 981 1991 τε
1003 1930 1114 2012 ἀνάγκη
1136 1929 1183 1991 καλ
1199 1934 1309 2011 νοητῶς
1330 1928 1500 2012 ὑφεστάναι,

254 2033 306 2095 6oe
328 2030 469 2115 ἀμέριστα
491 2028 560 2093 ῦντοι
580 2013 628 2092 καὶ
649 2034 728 2114 ζωής
750 2029 804 2093 ῦλα
825 2030 862 2094 δι’
884 2031 960 2094 ὑλων
981 2032 1030 2094 καὶ
1052 2033 1189 2113 γνώσεως
1210 2029 1363 2114 ήνωμένης
1386 2031 1498 2113 πλήρη·

252 2137 271 2219 ή
294 2134 348 2218 γὰρ
371 2132 464 2205 άζωΐα
485 2135 533 2196 καὶ
556 2133 575 2217 ή
596 2131 696 2215 άγνυια
718 2134 792 2196 κατὰ
814 2134 957 2219 στέρησιν,
979 2136 998 2218 ή
1022 2135 1054 2198 δὲ
1074 2134 1206 2217 στέρησις
1227 2133 1317 2216 ἐν·”τγ”γ
1334 2133 1405 2216 πρὸς
1428 2133 1499 2214 ῦλην

253 2237 333 2320 μίξει.
378 2237 441 2299 ἐπεὶ
464 2234 513 2300 οὑν
535 2234 620 2318 νοερὰ
641 2233 678 2297 τὰ
699 2233 790 2311 άυλα,
817 2239 905 2321 δῆλον
928 2240 969 2306 ῶς
991 2237 1039 2299 καὶ
1062 2236 1092 2298 ἐν
1114 2241 1168 2321 νιῦ.
1212 2237 1260 2299 καὶ
1284 2238 1299 2299 6
1323 2239 1390 2303 νοῦς
1411 2234 1500 2304 αὑτάς

250 2340 283 2403 τέ
304 2340 381 2403 ἐστιν
403 2339 490 2409 άυλος
513 2342 561 2403 καὶ
583 2346 642 2410 τοῖς
664 2340 761 2410 άὺλοις
783 2340 973 2404 συνουσίωται
994 2337 1112 2415 εἴδεσιν,
1142 2339 1223 2423 εἴγε
1245 2336 1399 2423 άμέριστὺς
1420 2338 1498 2402 ἐστιν

210 2444 269 2527 υοή
294 2445 355 2526 ζωή
378 2467 410 2506 τε
426 2445 473 2506 καὶ
495 2445 633 2526 ήγνῶσις
655 2445 696 2512 εἰς
710 2444 816 2527 ἑαυτὴν
838 2441 1021 2527 ἐστραμμένη
1044 2442 1092 2505 καὶ
1114 2442 1144 2504 ἐν
1160 2443 1252 2524 ἑαυτῇ
1277 2441 1312 2503 τὰ
1334 2439 1402 2504 ὄντα
1425 2443 1500 2525 εὑρί·

251 2568 369 2612 σκουσα.
405 2546 468 2609 ἐπεὶ
490 2547 522 2609 δὲ
537 2546 585 2608 καὶ
600 2546 631 2609 ἐν
653 2550 713 2615 τοῖς
728 2544 818 2616 ὄντως
840 2551 996 2631 χωριστυῖς
1018 2545 1066 2607 καὶ
1082 2544 1181 2612 άὺλοις
1201 2545 1349 2628 πράγμασι
1372 2545 1521 2628 διαφορά,

249 2651 290 2719 τίς
312 2650 372 2712 ἐστι
393 2646 461 2711 καθ’
490 2647 630 2734 ὑπόβασιν
652 2682 693 2695 ·-
715 2649 751 2712 τὰ
774 2650 825 2734 μέν
848 2648 902 2732 γὰρ
924 2649 1019 2730 πάντη
1042 2647 1193 2731 άμέριστα,
1215 2646 1251 2709 τὰ
1273 2647 1305 2709 δὲ
1327 2649 1400 2730 μετά
1421 2670 1498 2716 τινος

249 2752 409 2826 ἀνελίῖεως,
432 2751 468 2814 τὰ
488 2752 521 2813 δὲ
537 2751 612 2833 μέσα
634 2755 675 2821 ῶς
689 2751 830 2837 ἀμέριστα
854 2752 904 2835 μὲν
921 2750 1056 2834 ’ὑριστικδι
1079 2750 1111 2813 δέ
1126 2753 1183 2813 τῶν
1206 2749 1432 2832 άνελιττομένων
1456 2786 1497 2794 -

249 2856 326 2919 οῦτω
353 2856 401 2918 καὶ
423 2858 489 2923 νοῦς
510 2857 634 2937 πρώτως
659 2856 712 2938 μὲν
740 2856 756 2918 6
777 2854 904 2938 ἐνεργείᾳ
926 2851 1084 2939 χωριστῦς,
1112 2851 1254 2936 δευτέρως
1279 2852 1312 2914 δέ
1339 2854 1355 2916 6
1377 2853 1497 2935 δυνάμει

208 2973 236 3019 25
249 2960 297 3022 ῶν
318 2956 511 3042 μετεχάμενος
537 2958 593 3020 ὑπδ
620 2963 718 3043 ψυχῆς
743 2959 791 3021 καὶ
819 2957 893 3041 αὐτὴ
921 2958 940 3040 ή
967 2956 1078 3039 λογική.
1123 2955 1170 3017 καὶ
1195 2954 1250 3037 γὰρ
1276 2954 1365 3038 αῦτη,
1394 2955 1420 3017 εἰ
1446 2956 1497 3017 καὶ

251 3061 323 3146 μετὰ
345 3059 510 3135 άνελίξεως,
538 3061 683 3123 ἀλλὰκαὶ
710 3063 824 3143 συνάγει
845 3061 893 3122 καὶ
920 3059 960 3129 εἰς
986 3059 1019 3122 τδ
1046 3057 1200 3141 ἀμέριστον
1223 3061 1411 3141 συναιρεῖται,
1439 3057 1492 3141 ἀφ’

250 3165 357 3247 ἑαυτῆς
379 3185 410 3225 τε
434 3161 555 3247 άρχεται
581 3164 629 3225 καὶ
656 3163 687 3226 ἐν
709 3164 784 3246 αὑτῇ
811 3163 920 3245 θεωρεῖ
940 3161 976 3224 τὰ
998 3158 1079 3224 ὄντα·
1113 3161 1162 3223 καὶ
1183 3159 1257 3244 αῦτη
1284 3158 1341 3244 άρα
1363 3160 1496 3244 χωριστὴ

250 3267 378 3329 καὶτῶν
401 3269 553 3349 χωριστῶν
576 3264 637 3328 ἐστι
660 3264 719 3350 [δὲ]
742 3268 856 3349 πλήρης
877 3258 981 3346 λόγων.

334 3367 427 3432 Πάλιν
450 3368 482 3431 δέ
498 3367 710 3451 ὑπομιμνήσκει
732 3370 956 3452 φιλυσοφώτατα
978 3367 994 3429 6
1011 3364 1198 3451 Θεόφραστος
1219 3367 1261 3433 ῶς
1281 3365 1330 3428 καὶ
1349 3363 1435 3427 αῦτδ
1457 3365 1497 3428 τδ
1516 3381 1547 3437 17

209 3471 338 3535 ευείναι
368 3470 407 3533 τὰ
429 3471 614 3554 πράγματα
641 3472 699 3534 τὸν
726 3475 804 3534 νοῦν
830 3472 888 3533 καὶ
911 3470 1055 3552 δυνάμει
1082 3468 1137 3531 κοιλ
1167 3467 1322 3551 ἐνεργείᾳ
1343 3467 1496 3551 ληπτέον

249 3575 401 3648 οἰκείως,
433 3572 480 3635 ἵνα
503 3572 545 3655 μή
567 3575 608 3641 ὡς
638 3572 685 3634 ἐπὶ
709 3571 780 3654 ῦλης
805 3573 878 3636 κατὰ
904 3571 1036 3656 στέρησιν
1062 3572 1095 3633 τδ
1118 3571 1276 3653 δυνάμει,
1305 3571 1324 3655 ή
1347 3569 1420 3633 κατὰ
1442 3573 1497 3655 τὴν
1520 3646 1526 3656 .

249 3676 357 3747 ἔξωθεν
383 3676 431 3738 καὶ
457 3675 620 3758 παθητικὴν
645 3674 790 3738 τελείωσιν
818 3677 851 3739 τδ
880 3673 1037 3759 ἐνεργείᾳ
1066 3674 1291 3757 ὑπονοήσωμεν,
1317 3672 1392 3735 ἀλλὰ
1419 3675 1497 3756 μηδὲ

198 3953 210 4004 l
230 3949 408 4021 Ἀριστοτέλης]
427 3951 533 4003 4ἳ9ὺ21
633 3949 650 4002 8
670 3945 841 4019 Πλοὺταρχυς]
861 3948 893 4001 cf.
913 3948 1074 4017 Philoponus
1092 3949 1120 4000 in
1139 3949 1247 4001 Aristot.
1266 3927 1298 4002 (δε
1316 3950 1366 4000 An.
1385 3947 1493 4001 429621

196 4037 213 4109 ἡ
232 4037 270 4091 δτι
288 4037 345 4107 κτέ]
364 4038 397 4091 ef.
415 4038 531 4107 Simplic.
550 4040 566 4090 l.
578 4054 600 4091 c.
619 4036 700 4104 234‚6

198 4301 210 4352 l
231 4301 263 4352 τὰ
280 4315 331 4352 om.
349 4315 370 4350 w
468 4298 598 4370 ἀμφότερα
616 4299 655 4352 bw
744 4295 865 4362 ἳένυλα]
884 4299 909 4351 ἐν
928 4294 975 4367 ὑλη
995 4296 1026 4348 L¹
1110 4295 1213 4367 ὑεῖδη]
1231 4295 1279 4366 ἤδη
1299 4297 1330 4349 L¹
1420 4295 1496 4349 ῦλέ-

197 4406 270 4457 γηται
288 4386 359 4455 vulg.
474 4387 489 4438 7
519 4386 682 4455 ἐπιστήσομεν
701 4383 774 4437 codd.
889 4384 906 4437 8
933 4383 1016 4437 60m.
1034 4401 1056 4437 w
1171 4384 1186 4436 9
1214 4383 1290 4453 οῖυλα]
1309 4383 1383 4437 ἐνυλα
1400 4385 1433 4438 L¹
1471 4429 1473 4432 .

200 4476 231 4528 10
249 4474 319 4532 ὄντος
338 4474 369 4526 L¹
470 4477 497 4526 ll
519 4474 652 4546 χωρίζεται
669 4473 728 4525 Hw:
747 4472 885 4545 χωρίζηται
904 4473 924 4525 L
942 4477 1002 4538 cet..
1089 4471 1221 4544 ὑφεστῶτα
1238 4474 1285 4525 Hw
1303 4472 1422 4541 (Ficinus
1439 4474 1496 4525 ευὺ·

195 4562 338 4628 εἱειενιάίυ);
358 4562 497 4632 ἐφεστῶται
516 4562 553 4615 Lb
572 4566 621 4614 cet.
747 4560 778 4612 15
806 4559 853 4630 πρὸ
872 4558 936 4629 τῶν]
956 4563 1093 4631 πρῶτονὺ
1219 4560 1250 4612 16
1279 4561 1380 4632 μεριστά
1398 4577 1420 4613 w

199 4650 229 4701 Π
257 4648 350 4721 ἡγὰρ]
372 4650 393 4702 εί
412 4650 457 4720 γάρ
477 4650 508 4701 L¹
628 4650 659 4701 19
687 4647 754 4717 εἴγε
773 4648 818 4700 Πιν
838 4648 957 4714 (Ficinus
975 4648 1193 4716 ειήιιίάεικ);,είτε
1213 4648 1232 4701 L
1253 4654 1301 4702 cet.
1417 4648 1451 4702 20
1478 4648 1495 4719 ἥ

195 4756 223 4790 τε
241 4738 294 4806 ζωὴ
313 4753 335 4787 w
459 4736 492 4789 22
520 4737 601 4788 πάντα
614 4752 641 4801 ιιιι
764 4735 797 4787 24
825 4741 924 4807 πρῶτον
943 4737 982 4789 bw
1088 4736 1122 4789 25
1149 4735 1274 4807 καὶαῦτὴ
1293 4737 1309 4807 ή
1329 4735 1430 4806 λαγική]
1449 4740 1497 4807 τῆς

196 4824 260 4894 αὑτὴ
278 4825 294 4894 ή
314 4824 403 4894 λογική
423 4826 451 4875 6:
470 4828 516 4894 τῇς
535 4823 609 4893 [αῦτη
628 4822 657 4893 ἡ]
677 4822 779 4893 λογικῆς
797 4840 818 4873 w
913 4824 944 4876 27
965 4823 1028 4894 αὑτῇ
1048 4841 1084 4876 w:
1104 4823 1167 4895 αὑτῇ
1187 4824 1295 4877 ουδιλὺ
1389 4823 1452 4895 αὑτὴ
1472 4841 1495 4876 ιν

196 4915 229 4966 28
249 4912 274 4966 δὲ
292 4912 342 4965 del.
362 4929 382 4964 w
489 4912 519 4963 31
542 4911 570 4982 ἡ]
589 4911 605 4981 ἢ
624 4912 667 4964 καὶ
686 4910 717 4962 L¹
