3510 5610
1518 296 1520 325 l

641 326 850 381 SOLUTIONES
869 328 914 382 AD
934 327 1115 382 GHOSROEM
1495 326 1555 393 101

255 501 394 564 infirmae
418 489 499 564 enim
524 508 555 563 et
570 522 683 584 paruae
706 501 780 565 dum
802 501 866 564 siut
886 501 1060 566 inllationes
1083 509 1276 566 marcescunt
1297 502 1430 586 plurimo
1454 523 1502 564 ca·

254 603 331 682 lere;
366 609 397 667 et
418 611 557 687 segregat
578 603 660 688 quod
689 604 791 668 minus
818 612 865 669 est
891 605 1119 684 minitatione,
1154 612 1358 690 praeoccupat
1380 625 1502 689 quoque

255 727 324 769 eam
351 706 469 770 siccans
498 710 613 770 terram
640 705 820 791 priusquam
848 706 880 771 in
906 707 1023 772 coitum
1050 709 1104 770 liat
1130 707 1338 787 cumulatum,
1365 706 1445 770 sicut
1472 707 1505 770 in

255 808 388 873 multum
411 808 514 890 ignem
536 807 563 871 si
585 807 729 872 inciderit
751 809 826 892 quid
846 809 967 888 ardens,
990 816 1195 895 praeoccupat
1217 830 1308 893 saepe
1325 809 1505 893 priusquam

227 915 375 977 elumum
401 910 495 974 faciat
528 931 654 974 cessare.
702 910 919 975 uniuersaliter
952 919 1056 975 autem
1085 911 1197 975 accidit
1231 911 1296 974 lieri
1324 911 1505 975 serenitates

253 1021 308 1078 aut
329 1013 429 1097 gelido
452 1020 618 1097 superante
646 1012 784 1077 extincta
806 1035 885 1097 quae
911 1012 943 1078 in
972 1013 1130 1078 inflatione
1157 1021 1203 1078 est
1225 1013 1397 1092 caliditate,
1425 1014 1506 1079 sicut
1599 1017 1603 1026 '

255 1117 286 1179 in
307 1115 439 1180 sortibus
465 1114 744 1197 congelationibus,
771 1123 825 1179 aut
852 1116 999 1181 suffocato
1027 1123 1059 1179 et
1080 1115 1229 1180 ualidiore
1256 1115 1414 1180 caliditate
1441 1138 1505 1180 ma-

195 1272 200 1282 .
254 1225 370 1297 cerata,
400 1238 479 1300 quae
503 1216 535 1280 in
557 1217 717 1282 inflatione
739 1224 800 1298 est,
827 1217 994 1300 frigiditate
1017 1218 1092 1283 dum
1120 1219 1160 1282 sit
1185 1218 1295 1282 minor.
1340 1219 1372 1282 in
1395 1219 1506 1284 mediis

259 1341 331 1385 uero
355 1320 436 1384 horis
459 1327 490 1383 et
505 1317 629 1389 ualidae
651 1320 761 1383 hiemis
785 1329 815 1383 ot
829 1321 1004 1404 superantis
1027 1319 1193 1384 caliditatis
1215 1322 1293 1384 liunt
1312 1321 1504 1399 serenitates

215 1439 240 1482 ro
253 1431 307 1487 aut
329 1422 467 1486 nondum
490 1421 674 1511 ascendente
695 1423 752 1486 tali
772 1422 941 1503 inflatione,
964 1430 1020 1487 aut
1034 1423 1127 1507 priori
1151 1423 1274 1507 quidem
1292 1431 1505 1509 consummata

252 1525 341 1590 lactis
363 1524 522 1609 spiritibus
544 1524 669 1608 aliaque
693 1524 831 1589 nondum
854 1525 1012 1589 influente.
1050 1526 1129 1589 duae
1152 1526 1234 1589 enim
1257 1531 1331 1590 sunt
1352 1525 1503 1590 sectiones

215 1611 218 1618 ¹
253 1628 336 1692 illius
358 1648 437 1711 quae
452 1625 587 1701 habitati
602 1632 704 1710 potest
719 1627 861 1711 regionis,
884 1648 1016 1710 quarum
1032 1649 1094 1692 una
1110 1629 1236 1711 quidem
1258 1627 1297 1692 ad
1312 1628 1502 1713 superiorem

254 1730 358 1814 polum
381 1729 435 1814 qui
457 1736 504 1793 est
524 1729 678 1813 aquilonis
701 1750 808 1793 uersus
831 1749 899 1810 nos,
926 1730 1025 1794 altera
1047 1750 1122 1794 uero
1144 1730 1183 1794 ad
1206 1730 1338 1794 altarum
1351 1730 1503 1794 ‘meridia-

140 1829 145 1837 '
252 1855 337 1896 num.
387 1830 556 1895 secundum
589 1831 646 1895 hoc
676 1837 798 1915 oportet
826 1831 965 1915 accipere
998 1838 1029 1896 et
1056 1831 1201 1896 orizontis
1228 1831 1378 1907 circulum
1412 1839 1442 1896 et
1470 1832 1503 1895 in

213 1935 420 2001 resectionem
442 1953 522 2016 quae
544 1933 626 2017 apud
649 1953 705 1997 nos
727 1937 774 1997 est
795 1933 888 2017 inque
911 1954 981 1997 eam
1004 1954 1083 2017 quae
1106 1941 1153 1998 θεῖ
1174 1933 1301 1998 alterius
1322 1934 1428 2017 partis.
1472 1942 1504 2000 et

253 2039 324 2103 huic
346 2036 543 2102 attendentes
565 2035 710 2099 diuisioni
737 2035 812 2099 haec
838 2035 875 2099 de
898 2036 1050 2120 positione
1077 2043 1244 2100 uentorum
1266 2036 1396 2100 dicenda
1418 2046 1500 2104 sunt.

251 2141 309 2225 ipsi
332 2139 414 2204 enim
438 2137 653 2202 attribuuntur
673 2137 748 2201 locis
771 2144 802 2201 et
825 2158 879 2222 per
894 2138 1080 2203 diametrum
1105 2139 1165 2203 sibi
1188 2138 1322 2203 inuicem
1344 2147 1417 2203 sunt
1432 2161 1516 2206 oon--

251 2243 347 2308 trarii.
381 2240 602 2325 'aequinoctiali
627 2239 710 2304 enim
733 2246 801 2303 ortu
822 2243 1001 2325 απηλιωτην,
1025 2240 1056 2304 id
1076 2248 1122 2304 est
1136 2241 1347 2320 subsolanum,
1369 2241 1503 2308 habente
1602 2242 1607 2251 ’

252 2346 402 2431 zephyrus
424 2343 596 2408 contrarius
623 2348 669 2406 θεῖ
691 2362 728 2405 ex
752 2341 919 2421 diametro,
946 2343 1181 2425 aequinoctialis
1208 2363 1332 2408 occasus
1355 2343 1429 2408 dum
1450 2345 1500 2410 sit.

200 2484 361 2495 ---·-φ-
475 2483 579 2488 *—··⁴

198 2552 214 2605 5
233 2551 340 2605 Aristot.
361 2547 483 2601 solbat:
508 2543 574 2603 όλωε
592 2546 618 2599 δέ
636 2548 761 2617 γίγνονται
779 2547 804 2598 αἱ
822 2547 933 2617 νηνεμίαι
951 2546 992 2600 διὰ
1010 2545 1051 2599 δῖ’·
1070 2547 1161 2606 αἰτίας·
1180 2547 1196 2618 ἢ
1216 2549 1261 2619 γὰρ
1280 2548 1319 2627 διά
1337 2548 1418 2623 ψῦχος
1437 2551 1555 2621 ἀποσβεν-

197 2639 304 2708 νυμένης
328 2641 374 2707 τῆς
395 2633 598 2702 ἀναθυμιάσεως,
623 2635 675 2687 olor
694 2632 753 2686 όταν
775 2634 876 2704 γένηται
898 2636 977 2705 πάγος
1000 2634 1112 2707 ἰσχυρός,
1136 2635 1422 2708 ἢκαταμοιραινομένης
1443 2636 1491 2690 ὑπό
1510 2643 1556 2691 τοῦ

197 2726 305 2796 πνίγους.
342 2725 367 2776 al
385 2723 411 2776 δέ
430 2721 541 2775 πλεῖσται
559 2723 602 2774 καί
620 2722 646 2774 ἐν
663 2729 718 2781 ταῖς
735 2722 783 2775 ἀνά
802 2723 876 2790 μέσον
895 2720 986 2792 ὥραις,
1008 2722 1024 2791 ἢ
1043 2725 1080 2792 τῷ
1099 2723 1177 2791 μηπω
1196 2721 1393 2791 ἀναθυμιᾶσθαι,
1415 2725 1431 2795 ἡ
1450 2730 1488 2796 τιγῖ
1506 2725 1554 2797 ἤδη

198 2811 370 2882 ἐξεληλυθέναι
391 2812 438 2882 τὴν
461 2809 624 2879 ἀναθυμίασιν
650 2810 694 2863 καλ
716 2805 794 2880 άλλην
822 2811 900 2879 μηπω
924 2810 1029 2881 ἐπιρρεῖν
1184 2812 1211 2869 11
1241 2813 1279 2864 ld,
1297 2810 1416 2864 362132:
1442 2811 1486 2864 δόο
1508 2813 1555 2884 γάρ

198 2900 278 2955 όντων
296 2901 436 2970 τμημάτων
455 2889 500 2968 τῆς
518 2897 625 2967 δυνατῆς
643 2896 763 2950 οἰκεῖσθαι
781 2897 880 2971 χώρας,
903 2902 949 2967 τῆς
968 2900 1012 2966 μέν
1030 2898 1092 2970 πρὸς
1108 2897 1151 2950 τὸν
1170 2898 1223 2950 ἅνω
1242 2897 1318 2950 πόλον
1336 2897 1379 2951 τόν
1398 2897 1459 2951 καθ’
1480 2899 1555 2968 ἡμᾶς,

193 2993 243 3059 τῆς
265 2987 291 3040 δέ
313 2985 373 3056 πρὸς
395 2986 438 3039 τόν
462 2985 544 3056 ἕτερον
568 2985 611 3036 καλ
632 2985 693 3057 πρός
716 2981 872 3057 μεσημβρίαν
895 2987 947 3038 κτέ.
1071 2986 1102 3037 14
1129 2986 1166 3037 Ιό.
1185 2985 1305 3038 3632‘25:
1334 2985 1372 3037 δεῖ
1387 2985 1412 3038 δέ
1436 2988 1491 3058 περί
1509 2991 1555 3057 τῆς
1616 2982 1618 2987 ’

196 3072 291 3135 θέσεως
310 3075 362 3144 άμα
380 3076 438 3131 τοὺς
454 3072 542 3143 λόγους
560 3072 589 3125 ἐκ
608 3075 654 3142 τῆς
671 3071 818 3142 ὑπογραφῆς
835 3071 947 3144 θεωρεῖν.
977 3073 1112 3143 γέγραπται
1130 3074 1175 3140 μέν
1193 3071 1244 3126 οὖν.
1262 3078 1307 3125 τοῦ
1326 3073 1419 3142 μᾶλλον
1438 3073 1555 3144 εόσημως

62 3130 66 3139 ²
86 3227 90 3235 1
196 3163 270 3236 ἔχειν,
289 3161 303 3214 ό
321 3166 365 3214 τοῦ
384 3159 508 3233 ὁρίζοντος
525 3158 633 3217 κόκλος·
655 3158 754 3212 διὸκαὶ
773 3159 927 3231 στρογγόλος.
964 3158 1002 3212 δεῖ
1019 3159 1045 3212 δέ
1063 3165 1125 3212 νοεῖν
1143 3159 1220 3212 αὐτοῦ
1239 3159 1267 3212 τὸ
1287 3161 1370 3230 ἕτερον
1389 3161 1508 3232 ἐκτμημα
1525 3161 1554 3214 τὸ

196 3249 240 3320 ὑφ’
268 3251 342 3319 ἡμῶν
365 3248 525 3317 οίκοόμενον·
552 3247 620 3300 έσται
642 3247 689 3318 γὰρ
711 3247 813 3300 κάκεῖνο
837 3246 923 3300 διελεῖν
944 3246 989 3300 τόν
1013 3245 1089 3300 αὑτὸν
1111 3247 1203 3315 τρόπον
1334 3249 1365 3299 16
1393 3249 1430 3301 ld.
1449 3248 1554 3302 363o7:

180 3339 249 3393 ,ἐπεὶ
267 3337 310 3392 σόν
333 3337 365 3390 τά
388 3338 433 3406 μέν
451 3335 566 3389 πλεῖστον
589 3337 715 3410 ἀπέχοντα
738 3336 804 3388 κατὰ
821 3335 897 3388 τόπον
922 3334 1020 3388 ἐναντία
1038 3335 1104 3387 κατὰ
1126 3334 1215 3398 τόπον,
1239 3335 1353 3387 πλεῖστον
1372 3334 1394 3387 δ’
1416 3337 1504 3409 ἀπέχει
1522 3338 1553 3389 τά

196 3428 262 3479 κατὰ
274 3426 412 3495 διάμετρον,
431 3423 564 3493 ἀναγκαῖον
581 3423 625 3475 καλ
637 3427 689 3475 τῶν
706 3419 857 3492 πνευμάτων
869 3426 949 3475 ταῦτα
961 3421 1078 3493 ἀλληλοις
1090 3422 1187 3474 ἐναντία
1200 3421 1261 3475 εἶναι
1279 3419 1325 3474 όσα
1337 3423 1403 3475 κατά
1422 3422 1553 3495 διάμετρόν

195 3514 270 3567 έστιν.
298 3511 411 3565 καλεῖται
429 3511 455 3564 δέ
473 3511 539 3565 κατὰ
556 3511 603 3581 τὴν
621 3509 689 3562 θέσιν
707 3515 759 3562 τῶν
776 3508 862 3561 τόπων
881 3511 912 3562 τά
930 3508 1059 3577 πνεόματα
1078 3508 1135 3574 ὧδε,
1153 3511 1256 3581 ζέφυρος
1275 3512 1319 3578 μέν
1337 3509 1366 3562 τὸ
1384 3509 1433 3563 ἀπό
1452 3515 1497 3563 τοῦ
1516 3509 1552 3564 Α·

195 3605 268 3653 τοῦτο
287 3600 333 3670 γάρ
356 3599 437 3670 δυσμὴ
463 3598 599 3669 ίσημερινη.
635 3596 743 3654 ἐναντίος
761 3595 787 3648 δέ
809 3595 890 3666 τοδτῳ
915 3596 1063 3668 ἀπηλιώτης
1081 3596 1130 3649 ἀπὸ
1150 3601 1196 3649 τοῦ
1215 3594 1249 3650 Β·
1276 3601 1351 3649 τοῦτο
1377 3598 1423 3669 γάρ
1442 3598 1552 3669 ἀνατολη
1596 3627 1599 3635 ·

197 3687 334 3760 ίσημερινη.
359 3687 459 3759 »βορέας
477 3686 504 3738 δέ
522 3686 566 3738 καλ
583 3685 723 3753 ἀπαρκτίας
740 3684 789 3736 ἀπό
807 3689 852 3737 τοῦ
872 3682 906 3738 ll·
934 3683 1042 3737 ἐνταῦθα
1060 3685 1106 3754 γὰρ
1125 3685 1141 3754 ἡ
1160 3684 1259 3756 ἄρκτος.
1296 3683 1405 3742 ἐναντίος
1424 3684 1449 3737 δέ
1468 3684 1551 3755 τοότιρ

195 3776 268 3833 νότος
285 3774 334 3827 ἀπὸ
352 3780 397 3827 τοῦ
416 3771 448 3827 θ·
477 3772 618 3843 μεσημβρία
635 3790 663 3825 τε
681 3773 727 3844 γὰρ
745 3769 810 3842 αὕτη
830 3771 875 3844 ἀφ’
896 3772 927 3843 ἧς
944 3779 1007 3835 πνεῖ,
1025 3774 1069 3825 καλ
1087 3772 1115 3825 τὸ
1135 3771 1155 3825 Θ
1173 3775 1210 3842 τῷ
1230 3769 1251 3825 Η
1271 3772 1394 3824 ἐναντίον·
1418 3774 1484 3824 κατὰ
1502 3771 1552 3824 διά-

196 3881 286 3933 μετρον
305 3864 359 3935 γάρ.
395 3861 444 3914 ἀπὸ
462 3860 489 3913 δὲ
506 3865 551 3913 τοῦ
570 3857 593 3914 Ζ
611 3858 724 3916 καικίας·
751 3856 815 3930 οιύτη
835 3861 880 3929 γάρ
903 3859 1013 3930 ἀνατολὴ
1033 3859 1118 3936 θερινη
1137 3898 1214 3913 .....
1233 3860 1342 3919 ἐναντίος
1360 3858 1386 3910 δέ
1404 3858 1486 3928 τοίιτιρ
1505 3858 1553 3928 οόγ

195 3950 276 4003 όάπό
295 3954 340 4002 τοῦ
360 3946 378 4001 Γ
397 3949 453 4019 λίψ,
478 3947 533 4000 ἀλλ’
557 3946 638 4000 όάπὸ
656 3952 701 3999 τοῦ
720 3945 755 4011 E,
776 3946 805 3999 δν
824 3946 948 3999 καλοῦσιν’
966 3949 989 4001 ol
1007 3949 1052 4016 μέν
1071 3947 1206 4020 ἀργέστην,
1230 3948 1252 3999 cl
1276 3945 1299 3999 δ’
1321 3945 1458 4014 όλυμπίαν,
1473 3947 1503 4000 ol
1526 3946 1552 4000 δέ

195 4037 319 4109 σκίρωνα·
347 4035 420 4095 οὗτος
438 4037 483 4107 γάρ
502 4035 551 4089 άπό
574 4032 788 4107 δοσμῖγςθερινῆς
810 4041 867 4087 πνεῖ
882 4036 926 4087 καὶ
944 4036 1010 4087 κατὰ
1028 4033 1158 4106 διάμετρον
1177 4034 1247 4104 αὐτῷ
1265 4041 1345 4087 κεῖται
1365 4033 1448 4102 μόνος.
1485 4032 1553 4086 οὗτοι

73 4132 81 4147 “
195 4127 241 4193 μέν
259 4123 303 4177 οὖν
321 4125 345 4176 οἱ
363 4125 429 4176 κατά
447 4122 577 4194 διάμετρόν
595 4141 622 4174 τε
641 4121 751 4190 κείμενοι
769 4122 856 4189 ἄνεμοι
879 4123 922 4174 καὶ
940 4121 975 4180 οίς
993 4121 1185 4175 είσλν”ἐναντίοι.
1222 4121 1300 4191 ἕτεροι
1318 4119 1342 4172 δ’
1364 4121 1409 4174 eloi
1427 4114 1488 4174 ’καθ’
1510 4119 1553 4180 οδς

195 4212 255 4265 oda·
274 4212 340 4264 έστιν
358 4211 456 4264 ἐναντία
475 4209 612 4278 πνεόματα.
648 4209 697 4262 ἀπὸ
716 4210 761 4278 μέν
779 4211 826 4280 γάρ
844 4214 889 4262 τοῦ
909 4207 918 4261 l
938 4209 965 4262 όν
983 4208 1088 4262 καλοῦσι
1106 4207 1240 4279 θρασκίαν·
1262 4207 1335 4266 οὗτος
1352 4209 1398 4279 γάρ
1417 4210 1492 4276 μέσος
1509 4209 1551 4280 ἀρ-

196 4300 284 4367 γέσταο
303 4299 346 4350 καὶ
365 4298 517 4369 ἀπαρκτίου·
540 4296 589 4348 ἀπὸ
608 4295 635 4348 δέ
652 4300 697 4348 τοῦ
716 4291 741 4348 K
760 4295 787 4348 όν
806 4296 909 4349 καλοῦσι
928 4298 1019 4366 μέσην·
1047 4295 1119 4354 οὗτος
1137 4298 1184 4367 γάρ
1203 4297 1276 4364 μέσος
1294 4294 1394 4348 καικίου
1413 4297 1456 4348 καλ
1474 4296 1552 4367 ἀπαρ-

197 4384 269 4437 κτίου
289 4385 342 4437 κτέ.
379 4386 529 4439 Aristotelis
543 4382 685 4452 “expositio
703 4382 736 4435 ad
758 4382 865 4445 vulgare
884 4388 1032 4451 certumque
1053 4383 1187 4436 duodecim
1208 4387 1340 4436 ventorum
1359 4388 1472 4450 systema
1489 4398 1551 4451 sup-

195 4473 280 4540 pletur
298 4490 314 4525 a
332 4473 487 4542 philosopho
506 4469 653 4539 alienum'„
684 4468 777 4523 Rosa.

195 4663 264 4716 3-4
283 4634 546 4731 pridsquam-saepa
565 4681 610 4715 om.
630 4659 661 4712 H
762 4664 778 4715 6
797 4663 825 4716 in
845 4683 889 4715 om.
908 4665 938 4714 H
1036 4661 1209 4730 lsuliooato]
1222 4664 1287 4729 forr.
1305 4661 1483 4725 suffocatione,
1502 4662 1517 4712 i.
1528 4679 1550 4713 e.

194 4749 244 4802 ὕπὸ
262 4754 307 4802 τοῦ
325 4750 426 4820 πνίγους
523 4748 554 4802 12
573 4750 685 4803 habitari
704 4750 744 4802 H:
763 4770 807 4801 om.
829 4750 883 4801 CM
982 4751 1011 4802 li
1030 4750 1095 4803 locis
1114 4768 1160 4802 om.
1180 4749 1210 4799 H
1308 4748 1339 4802 18
1357 4747 1492 4818 απηλωτθν
1512 4747 1551 4799 H:

195 4854 343 4908 απηοιωτην
364 4839 395 4890 C:
414 4836 569 4909 απηλλωτην
590 4837 623 4887 Μ
716 4838 852 4890 habentem
874 4836 904 4888 H
1007 4835 1038 4889 19
1061 4837 1164 4908 zephiro
1186 4836 1243 4889 CM
1328 4834 1505 4906 equinoctiali
1523 4833 1556 4889 Η

194 4941 302 4979 occasus
319 4924 360 4979 H:
379 4941 455 4979 casus
475 4925 533 4978 CM
631 4955 656 4985 ‚-
