3510 5610
369 310 619 365 ARISTOPHANIS
637 310 821 364 HISTORIAE
840 309 1033 364 ANIMALIUM
1052 311 1201 365 EPITOME
1219 310 1243 364 11
1261 311 1373 364 37-42
1506 313 1548 378 43

247 484 296 548 ἐπί
322 490 376 570 τῆς
401 484 519 570 χέρσου.
568 485 662 569 τροφὴ
691 485 723 548 δὲ
749 484 847 554 αὐτοῖς
874 484 930 548 δσα
959 485 1037 570 παρὰ
1066 485 1114 548 τδν
1145 486 1273 568 ποταμόν
1301 487 1349 549 καί
1376 486 1411 548 τὰ
1441 484 1494 569 ἕλη

249 611 362 673 φυεται.

331 690 404 772 (38)
430 686 512 754 Ἔστι
538 690 570 754 δὲ
596 691 629 753 τδ
657 687 772 774 ῆθοςῆ
799 691 870 774 γονὴ
895 693 936 759 ὡς
962 691 1010 753 ἐπὶ
1037 691 1111 754 πολὺ
1138 691 1241 776 ἀνδρὸς
1268 689 1497 775 ἐλεημονεστέρα

247 794 296 857 καὶ
317 794 503 879 αἰριδοίκρυον·
537 790 597 855 ἔστι
619 793 720 856 δὲκαὶ
742 793 945 877 φθονερωτέρα
972 795 1019 856 καὶ
1046 794 1236 879 μεμψίμοιρος
1262 794 1311 857 καί
1337 795 1495 878 φιλολοιδο-

219 895 360 980 σρωτέρα
386 896 435 959 καλ
461 895 680 979 πληκτικωτέρα
708 898 828 979 μᾶλλον.
878 893 939 959 ἔστι
966 896 998 958 δὲ
1026 897 1074 959 καὶ
1101 897 1252 981 δύσφημον
1281 897 1314 959 τδ
1343 897 1421 980 θῆλυ
1448 897 1496 958 καί

247 1000 436 1063 δυσέλπιστον
463 1000 512 1061 καί
538 997 736 1080 ἀναιδέστερον
762 998 811 1060 καὶ
836 997 1083 1082 εδαπατητότερον
1106 1001 1153 1063 καὶ
1176 1002 1426 1083 μνημονικώτερον
1448 999 1496 1060 καί

248 1101 449 1187 ἀκινητότερον
477 1100 525 1163 καί
551 1105 660 1184 τροφῆς
686 1100 835 1167 ἐλάττονος
862 1102 960 1163 δεῖται.
1005 1104 1250 1186 παρεκτικώτερον
1278 1102 1311 1165 δὲ
1338 1103 1386 1164 καὶ
1413 1123 1496 1185 μεγα-

247 1203 445 1290 λοψυχότερον
466 1204 500 1266 τδ
523 1202 617 1287 ἄρρεν.
696 1201 768 1285 (39)
788 1203 934 1286 γνωσθείη
953 1204 991 1267 ’δὲ
1012 1203 1128 1288 ἄμεινον
1150 1206 1197 1268 καὶ
1218 1205 1252 1268 ἐκ
1265 1208 1316 1267 τοὺ
1338 1206 1496 1289 προσώπου

247 1308 285 1370 τὰ
312 1307 374 1392 ῆθη
401 1306 502 1374 οὑτως.
548 1305 681 1390 μέτωπον
706 1305 739 1367 τδ
767 1306 818 1389 μὲν
846 1304 920 1388 μέγα
946 1305 1103 1391 βραδυνόου
1126 1306 1218 1390 ἤθους
1239 1310 1375 1390 σημεῖον,
1402 1307 1435 1368 τὸ
1464 1305 1496 1366 δὲ

207 1426 235 1470 ιο
249 1411 350 1496 μικρδν
372 1408 534 1493 εὑκινῆτου,
557 1409 589 1471 τδ
613 1408 646 1471 δὲ
664 1407 758 1470 πλατὺ
781 1406 964 1471 ἑκστατικοὺ·
990 1409 1098 1474 τοότων
1120 1410 1153 1473 δὲ
1174 1412 1206 1473 τδ
1230 1410 1318 1492 μέσον
1340 1407 1465 1492 ἄριστον.
1490 1403 1494 1492 i

250 1514 357 1599 δφρὺες
375 1514 405 1575 αἱ
421 1513 473 1594 μὲν
489 1509 536 1574 ἐπ’
554 1511 644 1594 δρθοὺ
659 1510 786 1595 κείμεναι
802 1511 931 1593 μαλακὸν
947 1511 995 1574 καὶ
1010 1514 1137 1597 χρηστδν
1154 1510 1228 1596 ἦθος
1244 1513 1466 1597 ὑπογράφουσιν,
1478 1527 1550 1571 cccc:

247 1618 278 1680 αἱ
305 1616 338 1679 δὲ
363 1616 435 1699 πρδς
460 1616 513 1698 τὴν
540 1615 603 1699 ῥῖνα
629 1612 820 1696 κεκλασμέναι
848 1613 1003 1699 στρυφνόν,
1030 1616 1060 1677 αἱ
1087 1615 1120 1677 δὲ
1146 1617 1218 1699 πρδς
1243 1615 1310 1683 τοὺς
1336 1616 1496 1699 κροτάφους

247 1717 441 1800 κεκλασμέναι
467 1716 585 1802 εἴρωνα,
611 1718 641 1779 αἱ
664 1717 696 1779 δὲ
717 1715 949 1799 κατεσπασμέναι
970 1715 1104 1802 φοβερόν.
1148 1718 1251 1781 κανθολ
1276 1719 1303 1780 ci
1327 1717 1378 1801 μὲν
1402 1718 1497 1801 μικροὶ

247 1823 338 1883 καλοῦ
361 1820 453 1904 ῆθους
475 1823 610 1902 σημεῖον,
634 1820 661 1882 οί
685 1818 717 1881 δὲ
739 1821 875 1902 κρεώδεις
896 1820 967 1903 πρδς
987 1824 1030 1905 τῷ
1055 1825 1177 1905 μυκτῆρι
1200 1824 1337 1904 πονηροῦ.
1374 1821 1422 1883 καὶ
1444 1820 1495 1883 ἐὰν

208 1939 234 1982 15
249 1926 300 2007 μὲν
330 1923 398 1992 όλος
426 1923 443 1985 ό
473 1922 627 2005 ὀφθαλμὸς
655 1919 712 1991 ἔξω
743 1920 846 2006 ἐξίσχη
876 1922 1009 1990 ἀναιδοὺς
1038 1920 1126 2005 ῆθος·
1165 1924 1266 2008 μικρδς
1294 1922 1326 1986 δὲ
1357 1922 1496 2008 ὑπάρχων

247 2025 409 2110 πανούργου
431 2026 479 2088 καὶ
501 2024 649 2109 ἀβεβαίου,
671 2025 687 2086 ὑ
710 2024 742 2086 δὲ
765 2022 853 2106 μέσος
875 2023 998 2108 ἄριστος.
1042 2023 1117 2087 ἀλλὰ
1139 2029 1229 2089 ταῦτα
1250 2026 1302 2110 μὲν
1326 2026 1496 2111 ὑπογραφῆς

250 2130 335 2214 χάριν
357 2127 499 2213 είρῆσθω,
522 2125 661 2189 πλειόνων
685 2125 849 2207 δυναμένων
871 2125 1017 2208 λέγεσθαι.
1401 2203 1406 2214 ρ

336 2230 409 2313 (40)
437 2227 502 2294 Ὅτι
532 2230 688 2313 ἀνθρώπου
718 2228 817 2291 ἀσίτου
845 2230 942 2312 δῆγμα
973 2229 1104 2293 δυσίατον
1134 2232 1182 2294 καὶ
1211 2231 1286 2315 ἰχώρ
1316 2231 1497 2315 ἀνθρώπειος

250 2335 438 2419 προσεγγίσας
460 2333 542 2417 ἄλλιρ
567 2329 655 2395 κακόν
677 2354 704 2393 τι
726 2335 810 2393 ποιεῖ.
895 2330 968 2413 (41)
993 2331 1114 2395 πτὺελον
1142 2333 1175 2395 δὲ
1201 2333 1359 2416 ἀνθρώπου
1387 2335 1499 2418 ἀναιρεῖ

208 2455 236 2498 ευ
249 2441 296 2502 καλ
319 2437 495 2506 θαλασσίους
517 2433 736 2518 σκολοπένδρας.
814 2433 887 2517 (42)
907 2433 938 2496 έν
961 2434 993 2497 δὲ
1014 2435 1108 2520 Λιβὺη
1133 2435 1213 2519 γένος
1234 2436 1397 2521 ἀνθρώπων
1420 2437 1496 2500 ἐστὶν

198 2680 209 2732 1
233 2677 327 2754 τροφὴ]
347 2675 580 2742 cf.1>i0d.1118‚6
603 2677 685 2745 τροφῇ
705 2673 731 2726 δὲ
751 2675 863 2744 χρῶνταί
882 2692 945 2733 τινες
966 2675 1011 2742 μὲν
1031 2674 1198 2745 λαμβάνοντες
1219 2675 1262 2729 τὸν
1282 2676 1434 2746 γεννώμενον
1455 2679 1481 2731 ἐν
1498 2683 1549 2736 τοῖς

194 2765 263 2819 ὑδασι
281 2765 377 2837 ααρπδν
395 2765 421 2824 δς
439 2763 565 2833 αὑτοφυῆς
583 2760 710 2814 ἀνατέλλει
728 2762 783 2831 περί
800 2779 827 2814 τε
843 2762 888 2820 τὰς
905 2761 992 2831 λίμνας
1011 2762 1053 2814 καί
1071 2764 1128 2821 τοδς
1147 2761 1246 2822 ἑλώδεις
1263 2765 1355 2823 τόπους
1461 2765 1477 2817 3
1499 2766 1550 2818 ἔστι

195 2855 232 2924 δὲ]
250 2856 331 2907 Arist.
344 2855 405 2907 his:
417 2849 545 2927 cnim.ll
564 2867 591 2920 p.
603 2848 693 2901 608b8
716 2848 800 2918 διόπερ
822 2849 883 2918 γυνὴ
906 2847 993 2918 ἀνδρὸς
1015 2848 1219 2921 ίλεημονέστερον
1241 2853 1284 2904 καὶ
1307 2852 1426 2922 άρίδακρυ
1448 2851 1551 2921 μᾶλλον,

195 2943 231 2995 δτι
251 2941 277 2994 δὲ
299 2939 485 3011 φθονερώτερον
506 2940 549 2991 καὶ
571 2935 794 3007 μεμψιμοιρότερον
815 2938 858 2988 καὶ
878 2935 1046 3006 φιλολοίδορον
1068 2936 1162 3006 μᾶλλον
1186 2938 1229 2990 καὶ
1249 2938 1463 3010 πληκτικώτερον.
1499 2939 1550 2993 ίστι

196 3029 221 3082 δὲ
242 3029 286 3081 καὶ
307 3024 433 3097 δὺσθυμον
455 3025 550 3096 μᾶλλον
571 3025 600 3078 τδ
622 3023 689 3095 θῆλυ
707 3029 751 3076 τοῦ
772 3024 873 3093 ἄρρενος
896 3024 939 3075 καὶ
957 3021 1056 3076 δόσελπι
1074 3026 1118 3077 καλ
1135 3025 1303 3095 ἀναιδέστερον
1321 3028 1364 3079 καὶ
1382 3026 1550 3097 ψευδέστερον,

196 3114 408 3186 εὑαπατητότερον
426 3114 452 3167 δὲ
471 3115 515 3166 καὶ
533 3106 760 3182 μνημονικώτερον,
782 3111 818 3163 ἔτι
836 3109 863 3163 δὲ
881 3111 1059 3181 ἀγρυπνότερον
1077 3115 1120 3165 καλ
1139 3112 1302 3183 ὀκνηρότερον
1320 3116 1364 3167 καλ
1381 3112 1447 3174 ὅλως
1465 3116 1549 3184 ἀκινη-

196 3203 294 3274 τότερον
316 3201 345 3254 τδ
366 3200 432 3271 θῆλυ
453 3205 498 3253 τοὺ
520 3201 620 3270 ἄρρενος
642 3201 684 3252 καὶ
704 3203 799 3269 τροφῆς
820 3196 949 3256 ἐλάττονός
970 3190 1042 3251 ictis.
1075 3197 1261 3268 βοηθικώτερον
1278 3200 1318 3265 δέ,
1341 3200 1425 3271 ὥσπερ
1447 3200 1550 3272 ἐλέχθη,

197 3292 237 3343 καὶ
257 3289 424 3360 ἀνδρειότερον
444 3288 474 3342 τδ
496 3289 568 3358 ἄρρεν
591 3292 635 3340 τοὺ
655 3285 747 3358 θῆλεός
769 3287 834 3339 ἐστιν
976 3285 991 3338 9
1015 3285 1145 3355 μέτωπον]
1164 3288 1245 3340 Arist.
1263 3288 1280 3340 l.
1293 3304 1315 3341 c.
1329 3285 1381 3341 AS
1402 3305 1428 3358 p.
1440 3288 1547 3342 49lbll

197 3378 330 3448 προσώπου
352 3377 378 3429 δὲ
400 3376 429 3428 τὸ
450 3376 495 3445 μὲν
516 3375 564 3428 ὑπό
586 3375 615 3428 τδ
634 3375 729 3444 βρέγμα
748 3374 839 3442 μεταξὺ
857 3379 909 3426 τῶν
927 3373 1052 3442 ὀμμάτων
1068 3376 1193 3442 μέτωπον.
1225 3376 1342 3429 τοῦτοδὲ
1361 3376 1396 3435 οἷς
1414 3378 1459 3445 μὲν
1478 3378 1550 3446 μέγα,

198 3465 346 3538 βραδὺτεροι,
364 3463 400 3522 οίς
418 3462 443 3515 δὲ
462 3464 559 3533 μικρόν,
577 3462 713 3532 εὑκίνητοι·
738 3462 782 3513 καὶ
800 3461 835 3519 οίς
853 3462 898 3530 μὲν
916 3460 1005 3526 πλατὺ,
1024 3462 1174 3527 ἐκστατικοί,
1193 3462 1228 3521 cir
1245 3464 1271 3517 δὲ
1290 3466 1430 3535 περιφερές,
1448 3462 1550 3533 θυμικοί

200 3554 226 3606 11
246 3552 347 3624 όφρὺες]
367 3552 446 3604 Arist.
464 3551 481 3603 l.
494 3566 515 3602 c.
530 3548 579 3603 49
598 3567 623 3618 p.
636 3550 746 3602 491ῠ14
768 3547 816 3601 ὑπὸ
834 3548 860 3601 δὲ
877 3552 915 3620 sp
933 3549 1044 3618 μετώπῳ
1063 3547 1151 3621 όφρὺες
1169 3549 1273 3620 διφυεῖς·
1298 3551 1335 3604 ὧν
1353 3553 1378 3605 αἱ
1397 3553 1441 3621 μὲν
1458 3549 1549 3605 εὑθεῖαι

197 3641 308 3709 μαλακοῦ
327 3638 405 3710 ἤθους
423 3646 538 3708 σημεῖον,
560 3638 585 3690 αἱ
603 3637 629 3690 δὲ
647 3636 706 3708 πρὸς
724 3637 770 3706 τὴν
789 3637 841 3707 ῥῖνα
859 3636 906 3706 τὴν
924 3635 1098 3705 καμπυλότητ“
1114 3637 1215 3708 ἔχουσαι
1237 3645 1372 3711 στρυφνοῦ,
1395 3641 1421 3693 αἱ
1444 3639 1470 3692 δὲ
1489 3639 1549 3711 πρὸς

197 3730 249 3787 τοδς
267 3730 409 3799 κροτάφους
427 3731 517 3794 μωκοὺ
536 3728 579 3778 καὶ
597 3725 706 3794 εἴρωνος,
725 3724 750 3776 αἱ
768 3723 795 3776 δὲ
812 3725 1011 3792 κατεσπασμέναι
1030 3722 1124 3794 φθόνου
1232 3726 1264 3779 13
1282 3724 1383 3796 κανθολ]
1403 3728 1482 3780 Arist.
1498 3728 1514 3779 1.
1528 3744 1550 3779 c.

198 3833 219 3884 p.
230 3815 341 3869 491123
364 3811 454 3867 κανδολ
471 3812 514 3866 δὺο
527 3851 534 3866 .
548 3852 554 3865 .
568 3852 575 3865 .
589 3812 612 3864 οἳ
628 3811 658 3864 δν
680 3813 724 3880 μὲν
746 3811 792 3863 ώσι
813 3811 919 3880 μακροί,
941 3810 1093 3881 κακοηθείας
1112 3820 1226 3882 σημεῖον,
1249 3815 1291 3867 ἐὰν
1313 3813 1332 3866 δ’
1349 3815 1399 3866 οἶον
1422 3815 1445 3866 oi
1466 3817 1550 3872 κτένες
1640 3850 1646 3860 .

198 3903 301 3973 κρεῶδες
320 3903 398 3973 ἔχωσε
415 3901 444 3953 τό
462 3900 524 3970 πρὸς
540 3904 579 3970 τῷ
598 3904 715 3970 μυκτῆρι,
733 3899 849 3968 πονηρίας
964 3898 995 3951 15
1014 3896 1155 3969 ὀφθαλμὸς]
1174 3901 1254 3953 Arist.
1271 3901 1287 3952 Ι.
1302 3918 1323 3954 c.
1336 3899 1360 3955 Α
1372 3903 1404 3956 10
1421 3919 1447 3971 p.
1458 3901 1548 3955 492³:

196 3997 244 4042 τῶν
262 3991 281 4043 δ’
298 3989 438 4060 ὀφθαλμῶν
456 3989 479 4040 οἱ
496 3989 540 4056 μὲν
559 3987 673 4057 μεγάλοι,
691 3987 714 4039 οἱ
732 3987 758 4039 δὲ
777 3986 873 4053 μικροί,
892 3986 914 4038 oi
932 3986 958 4039 δὲ
977 3988 1060 4053 μέσον·
1085 3987 1107 4039 οἱ
1128 3989 1198 4056 μέσοι
1217 3987 1345 4058 βέλτιστοι.
1376 3991 1419 4042 καὶ
1439 3988 1456 4060 i)
1479 3989 1550 4048 ίκτδς

197 4078 287 4148 σφόδρα
305 4077 321 4148 ἢ
341 4076 410 4134 ἐντὸς
427 4075 443 4146 ἢ
463 4077 559 4144 μέσως·
580 4075 677 4128 τοὺτων
695 4075 717 4127 ci
736 4073 803 4132 ἐντὸς
821 4072 927 4142 μάλιστα
945 4072 1129 4138 όξυωπίστατοι
1147 4077 1187 4128 ἐπὶ
1201 4074 1291 4134 παντὸς
1303 4076 1377 4144 ζῴου,
1395 4078 1424 4130 τὸ
1437 4077 1463 4130 δὲ
1476 4079 1550 4145 μέσον

196 4164 270 4236 ῆθους
283 4165 411 4235 βελτίστου
424 4170 531 4232 σημεῖον.
559 4164 602 4215 καὶ
620 4162 636 4233 ἢ
656 4163 869 4235 σκαρδαμυκτικοὶ
882 4160 898 4231 ἢ
912 4161 1003 4220 ἀτενεῖς
1016 4161 1032 4232 ί)
1053 4164 1135 4229 μέσοι·
1158 4163 1284 4235 βελτίστου
1302 4165 1328 4217 δὲ
1345 4163 1422 4234 ἤθους
1436 4166 1459 4217 οἱ
1472 4166 1551 4232 μέσοι,

198 4253 295 4305 ἐκείνων
309 4251 329 4303 δ’
341 4251 355 4304 ό
368 4253 413 4319 μὲν
426 4249 535 4319 ἀναιδής,
547 4249 560 4302 δ
573 4249 592 4302 δ’
605 4251 720 4320 ἀβέβαιος
794 4249 825 4301 18
837 4247 983 4318 ἀνθρώπου]
997 4249 1029 4301 cf.
1041 4250 1097 4302 Ael.
1107 4255 1161 4302 nat.
1172 4254 1251 4305 anim.
1261 4253 1300 4306 IX
1313 4253 1344 4306 15
1357 4252 1460 4321 (μθθδ,
1468 4252 1499 4304 12
1508 4254 1550 4316 Η.)

199 4340 227 4392 19
245 4339 364 4408 πιὺελον]
383 4338 416 4391 ci.
432 4338 489 4391 Acl.
504 4342 558 4389 nst.
571 4339 650 4390 anim.
662 4339 697 4391 lv
711 4337 743 4389 22
764 4353 790 4404 p.
801 4335 866 4403 89,8
878 4337 911 4389 H.
935 4337 981 4389 VII
994 4336 1027 4389 26
1045 4354 1072 4406 p.
1087 4338 1182 4406 187‚21
1195 4339 1227 4391 H.
1316 4339 1351 4392 20
1369 4340 1394 4392 ἐν
1411 4339 1438 4392 δὲ
1455 4338 1549 4410 Λιβὺη]

198 4427 228 4480 ci.
245 4426 453 4497 Agatharchides
471 4425 540 4494 apud
558 4425 616 4477 Aci.
631 4426 649 4477 l.
662 4442 684 4478 c.
697 4425 760 4479 XVI
773 4423 805 4476 27
824 4440 850 4494 p.
863 4424 1023 4491 404,4-21
1037 4425 1071 4478 H.

197 4632 212 4682 4
234 4631 382 4701 ἀριδάκρυον
400 4633 504 4701 scripsi:
530 4631 714 4703 ἀειδαίκρυονΙ)
840 4631 855 4683 6
879 4631 1092 4704 εδαπατητότερον
1111 4634 1215 4702 scripsi:
1241 4633 1457 4705 εδαπατικώτερον
1474 4637 1496 4688 D

199 4718 359 4777 ἵέλάττονος
377 4721 483 4788 scripsi:
504 4719 646 4772 ίλαττονθ
745 4717 831 4789 θῆθη
850 4720 954 4788 scripsi:
976 4718 1062 4791 ἔθηΙ)
1162 4720 1194 4772 13
1212 4719 1300 4774 κανθοὶ
1319 4723 1424 4790 scripsi:
1446 4720 1607 4791 Ξαινθοί·Ι

198 4821 276 4857 εποτε
289 4806 493 4860 rubricatorisii
577 4808 660 4878 μικροὶ
673 4806 751 4859 καλοῦ
764 4809 802 4860 sic
813 4809 845 4873 D,
864 4814 890 4861 st
907 4809 939 4861 ci.
954 4808 1032 4861 Arist.
1046 4824 1124 4879 supra
1141 4809 1184 4861 cit.
1266 4809 1300 4860 20
1317 4807 1464 4872 θαλασσίους
1477 4812 1515 4870 sic
1527 4812 1549 4866 1>

197 4892 228 4945 ci.
245 4893 334 4963 Eurip.
349 4894 368 4947 Ι.
388 4895 417 4947 Τ.
432 4893 482 4947 236
