3510 5610
357 300 613 372 AsslsTopnAle
629 301 812 356 HISTORIAE
833 301 1025 358 ANIMALIUII
1043 303 1191 375 EPITOIIE
1211 304 1234 358 ΙΙ
1256 302 1376 358 120.121
1507 303 1549 370 65

241 472 310 556 τερά
333 473 383 536 καλ
405 472 493 559 φόνος
514 475 562 537 καλ
584 479 641 537 τῶν
664 475 726 558 (καὶ
748 473 828 558 τῶν).
874 476 889 538 ό
913 475 1010 559 μέντοι
1031 475 1137 560 τρόπος
1163 483 1216 561 τῆς
1242 478 1341 562 μάχης
1368 476 1494 541 τοιόσδε·

216 591 219 597 ·
243 575 272 636 οἱ
295 576 347 658 μὲν
370 574 520 660 ἅνθρωποι
542 576 649 661 δόρατα
666 577 774 662 ἰσχυρὰ
796 577 905 662 λόγχας
927 579 1029 665 ἀφιᾶσι
1052 578 1262 664 στοχαζόμενοι
1284 578 1390 656 αὐτῶν,
1414 580 1441 642 οἱ
1464 579 1497 641 δὲ

241 676 396 762 ἐλέφαντες
415 680 463 742 τδν
479 679 683 764 παραπεσόντα
705 681 876 764 ἁρπάζουσι,
899 683 947 744 καὶ
970 687 1065 765 τῇγῇ
1089 681 1321 767 προσαράΕαντες
1340 681 1496 751 πατοῦντές
1525 688 1527 692 ’

240 803 274 842 τε
295 782 343 843 καὶ
366 787 426 850 τοῖς
447 782 549 867 κέρασι
570 785 775 865 τιτρώσκοντες
790 783 924 869 οἰκτίστῳ
947 785 1154 870 περιβάλλουσι
1176 789 1218 868 τῷ
1237 783 1313 847 τέλει
1334 786 1382 848 καὶ
1404 785 1496 866 ἀλγει-

213 884 365 967 ονοτάτῳ.
399 884 495 948 ἐπίασι
510 886 542 948 δέ
557 887 584 948 οἱ
607 885 696 968 θῆρες
719 886 775 947 ύπδ
791 891 841 949 τοῦ
859 887 955 970 θυμοῦ
978 888 1013 950 τά
1036 888 1098 950 ὦτα
1120 886 1338 957 ἐκπεταννύντες
1361 890 1402 957 ὡς
1421 886 1496 950 ἱστία

243 986 324 1070 δίκην
348 990 406 1048 τῶν
430 987 579 1070 στρουθῶν
603 992 660 1050 τῶν
683 990 831 1071 μεγάλων,
855 989 941 1073 αἵπερ
964 988 1013 1053 οὖν
1039 990 1090 1059 τὰς
1115 990 1257 1075 πτέρυγας
1279 988 1494 1072 ἁπλώσασαιῆ

241 1089 397 1171 φεύγουσιν
420 1089 439 1171 ἢ
463 1089 588 1153 ἑστᾶσιν.
632 1090 859 1174 ἐπισιμώσαντες
885 1091 917 1154 δέ
943 1093 991 1155 καλ
1018 1094 1069 1176 τὴν
1092 1093 1270 1178 προβοσκίδα
1292 1092 1319 1153 οἷ
1341 1091 1496 1176 ἐλέφαντες

243 1191 290 1252 καὶ
319 1192 376 1253 ὑπὸ
402 1197 461 1262 τοῖς
488 1193 587 1277 κέρασι
614 1192 767 1263 πτύξαντες
793 1195 892 1278 ὥσπερ
921 1192 970 1256 οὖν
996 1197 1070 1264 νεὼς
1097 1193 1220 1281 ἔμβολον
1248 1193 1300 1258 σὺν
1328 1197 1428 1278 πολλῷ
1452 1197 1495 1277 τῷ

244 1294 336 1378 ῥοθίῳ
367 1295 529 1379 φερομένης
559 1295 733 1381 ἐμπεσόντες
761 1320 792 1359 τε
822 1296 900 1381 ῥύμη
931 1299 1115 1382 σφοδροτάτῃ
1148 1296 1274 1366 πολλοὺς
1306 1296 1497 1379 ἀνατρέπουσι

203 1411 231 1455 10
246 1399 370 1482 βοῶντες
392 1397 522 1482 διάτορόν
538 1423 569 1461 τε
591 1400 639 1462 καὶ
662 1399 711 1468 ύξὺ
735 1397 814 1481 δίκην
838 1401 1002 1483 σάλπιγγος.
1037 1399 1225 1485 πατουμένων
1249 1400 1281 1462 δὲ
1303 1403 1361 1461 τῶν
1385 1398 1497 1460 όύιισκο-

246 1499 340 1584 μένων
363 1501 410 1562 καὶ
426 1499 602 1582 ἀλοωμένων
617 1505 677 1570 τοῖς
691 1499 815 1583 γόνασιν,
839 1500 947 1587 ἀραβος
963 1503 1052 1573 πολύς
1068 1507 1124 1566 τῶν
1141 1503 1250 1565 ὀστέων
1267 1500 1496 1586 συντριβομένων

245 1602 380 1666 ἀκούεται
402 1605 451 1666 καὶ
473 1603 640 1688 πόρρωθεν,
666 1604 702 1666 τὰ
724 1604 867 1687 πρόσωπα
889 1605 922 1667 δὲ
944 1604 1159 1690 ἐκθλιβομένων
1182 1609 1239 1667 τῶν
1263 1604 1425 1690 ὀφθαλμῶν
1447 1605 1496 1666 καὶ

243 1711 295 1788 τῆς
319 1707 395 1790 ρινδς
417 1707 624 1791 συνθλωμένης
646 1708 693 1770 καὶ
714 1706 892 1792 ῥηγνυμένου
914 1712 965 1771 τοῦ
989 1710 1125 1791 μετώπου
1147 1709 1179 1770 τὸ
1194 1707 1312 1792 ἐναργές
1333 1711 1384 1770 τοῦ
1399 1705 1496 1775 είδους

244 1807 395 1884 ἀπόλλυσι,
418 1811 466 1872 καὶ
489 1811 615 1891 ἀγνῶτες
635 1811 758 1893 γίνονται
779 1810 917 1878 πολλάκις
938 1811 1061 1880 καὶτοῖς
1083 1810 1229 1894 ἐγγυτάτω
1249 1811 1438 1893 προσήκουσι.

206 1926 231 1971 15
246 1914 385 1982 σώζονται
412 1913 444 1975 δὲ
470 1912 638 1995 παραδόξως
665 1912 748 1975 ἄλλοι
770 1913 818 1975 τδν
841 1912 945 1994 τρόπον
968 1917 1077 1975 τοῦτον.
1122 1911 1307 1994 συνείληπται
1330 1912 1382 1995 μὲν
1404 1913 1420 1975 ό
1444 1912 1496 1994 θη-

246 2018 348 2099 ρατής,
375 2013 425 2100 ὑφ’
447 2015 540 2099 όρμῆς
567 2018 599 2078 δὲ
625 2016 657 2078 τό
686 2015 786 2098 θηρίον
810 2015 972 2100 ύπερῇλθεν
995 2014 1098 2090 αὐτόν,
1125 2016 1174 2078 καλ
1195 2015 1232 2077 τά
1252 2013 1359 2098 γόνατα
1381 2016 1422 2084 εἰς
1443 2016 1495 2097 τὴν

244 2123 296 2200 γῆν
324 2119 474 2202 ἐπήρεισε,
502 2119 550 2181 καὶ
576 2117 794 2202 προσκατέπηξε
819 2117 855 2180 τά
881 2117 988 2201 κέρατα
1009 2118 1050 2187 εἰς
1072 2118 1182 2200 θάμνον
1205 2142 1224 2201 η
1246 2118 1288 2187 είς
1311 2117 1391 2203 ῥίζαν
1412 2117 1431 2201 ἢ
1455 2117 1496 2185 εἰς

246 2219 316 2283 ἀλλο
332 2245 358 2282 τι
378 2225 517 2295 τοιοῦτον,
540 2221 588 2283 καὶ
611 2218 720 2305 ἔχεται,
742 2221 790 2283 καὶ
806 2219 888 2304 μόγις
909 2221 1025 2303 ἀνασπᾷ
1048 2221 1094 2283 καὶ
1117 2220 1230 2304 ἐξαίρει.
1266 2220 1297 2282 ἐν
1319 2220 1352 2283 δὲ
1366 2224 1408 2305 τῳ
1424 2219 1497 2289 τέως

247 2323 358 2392 διεκδὺς
379 2324 395 2386 ό
418 2323 576 2407 κυνηγέτης
598 2324 819 2386 ἀπαλλάττεται.
864 2322 967 2384 οὐκοῦν
991 2323 1020 2385 ἐν
1043 2328 1080 2406 τῇ
1103 2321 1222 2405 τοιαύτη
1250 2323 1334 2407 μάχη
1358 2324 1498 2391 πολλάκις

207 2441 233 2485 νυ
247 2427 302 2506 μὲν
312 2431 465 2510 κρατοῦσιν
487 2428 514 2488 οἱ
531 2426 693 2511 ἐλέφαντες,
715 2425 853 2493 πολλάκις
876 2425 907 2487 δέ
923 2426 971 2488 καὶ
980 2426 1129 2508 ἡττῶνται
1153 2424 1274 2508 δείματα
1296 2424 1326 2493 ἐξ
1341 2424 1497 2509 ἐπιβουλῆς

245 2530 293 2592 καὶ
315 2529 369 2592 δέοι
390 2526 701 2610 ποικθιαέπαγόντων.
739 2529 787 2590 καὶ
809 2528 862 2611 γὰρ
885 2529 1038 2610 σάλπιγγες
1060 2523 1173 2612 ᾄδουσι,
1195 2529 1243 2590 καὶ
1266 2527 1373 2590 δούπόν
1394 2550 1426 2590 τε
1447 2527 1496 2589 καὶ

246 2633 351 2695 κτύπον
373 2631 540 2715 ἐργάζονται
561 2631 695 2715 καὶπρὸς
717 2631 767 2699 τάς
790 2631 912 2699 ἀσπίδας
936 2627 940 2714 Ι
964 2630 1133 2712 ἀράττοντες
1155 2630 1192 2693 τά
1213 2629 1319 2714 δόρατα
1341 2631 1389 2693 καὶ
1404 2634 1459 2715 πύρ
1472 2645 1549 2690 ουτοι

245 2736 278 2797 τὸ
301 2734 353 2817 μέν
369 2759 396 2797 τι
418 2736 466 2798 ἐπὶ
488 2740 541 2817 τῆς
554 2738 608 2817 γῆς
630 2733 796 2802 ἐξάπτοντες
818 2735 851 2796 τὸ
874 2735 907 2796 δέ
929 2735 1004 2816 ύψοῦ
1027 2732 1172 2816 μετέωρον
1193 2732 1331 2818 αἴροντες,
1354 2734 1402 2795 καὶ
1425 2731 1497 2796 ἀλλο
1570 2790 1574 2798 .

246 2840 457 2922 σφενδονῶντες
484 2840 532 2901 καὶ
560 2836 664 2905 δαλοὺς
690 2835 845 2919 διαπύρους
872 2836 1066 2906 ἀκοντίζοντες
1092 2837 1141 2898 καὶ
1162 2838 1252 2921 δᾷδας
1274 2834 1386 2920 μακρὰς
1408 2837 1497 2919 πυρός

210 2955 233 2999 25
245 2939 455 3022 ἐνακμάζοντος
476 2944 536 3008 τοῖς
552 2940 664 3024 θηρίοις
685 2939 759 3002 κατά
781 2941 939 3025 προσώπου
955 2938 1053 3022 βιαίως
1075 2938 1256 3008 ἐπισείοντες.
1294 2938 1369 3022 άπερ
1391 2935 1441 3001 οόν
1461 2939 1497 3002 τά

248 3043 336 3128 θηρία
359 3041 472 3106 δεδιότα
493 3044 541 3106 καὶ
561 3042 745 3124 σκοπούμενα
767 3045 886 3105 ὠθεῖται
909 3039 984 3105 ἔστιν
1009 3039 1057 3104 ὅτε
1079 3043 1127 3105 καὶ
1142 3043 1287 3105 ἐκνικάται
1309 3043 1440 3106 ἐκπεσεῖν
1456 3045 1497 3113 εἰς

246 3148 297 3230 τὴν
320 3146 427 3230 τάφρον
451 3146 485 3224 ἣν
508 3145 582 3213 τέως
604 3144 807 3228 ἐφυλάττοντο.
844 3135 850 3146 ’

328 3247 423 3330 (121)
451 3245 605 3332 Ἐλέφαντι
630 3247 733 3332 ἡμέρῳ
761 3249 912 3329 πωλευτής
934 3270 975 3316 τις
1000 3245 1036 3331 ἦν
1061 3248 1110 3310 καὶ
1131 3246 1196 3332 εἶχε
1217 3236 1339 3330 γυναῖκα
1361 3249 1496 3334 ἀφηλικε-

246 3350 347 3434 στέραν
379 3350 446 3434 μέν,
473 3350 611 3413 πλουσίαν
638 3349 679 3412 δέ.
729 3349 833 3412 οὐκοῦν
859 3349 959 3434 ἑτέρας
985 3350 1060 3433 ἐρῶν
1089 3351 1138 3413 καὶ
1166 3350 1201 3413 τὰ
1228 3355 1280 3435 τῆς
1308 3351 1497 3435 συνοικούσης

210 3470 233 3514 νυ
246 3455 377 3518 σπεύδων
405 3453 514 3537 ἐκείνης
543 3454 688 3537 γίνεσθαι,
718 3453 824 3536 ταύτην
851 3453 903 3533 μέν
929 3452 1078 3536 ἀποπνίγει
1108 3453 1156 3516 καὶ
1183 3457 1235 3536 τῆς
1262 3457 1312 3516 τοῦ
1342 3452 1498 3539 ἐλέφαντος
1553 3446 1558 3455 ’

199 3735 227 3788 18
249 3735 375 3804 ἐλέφαντι]
395 3733 451 3785 ΑεΙ.
465 3735 519 3784 πεί.
532 3732 612 3783 anim.
625 3730 685 3783 VIII
699 3729 730 3782 17
749 3731 786 3797 (p.
799 3728 980 3796 211,19-30
998 3731 1102 3795 Herch.)

199 3997 209 4048 1
227 3998 270 4050 καὶ
288 4002 340 4049 τῶν
359 3996 450 4048 addidi
468 4011 500 4046 ex
519 3993 576 4046 Ael.
660 3995 744 4063 μέντοι
760 3993 830 4046 Aah:
848 3994 932 4063 μένΙ)
1020 3991 1095 4062 τῆσδε
1112 3995 1159 4062 τῆς
1177 3992 1261 4063 μάχης
1278 3992 1389 4052 τοιοῦτός
1407 3994 1473 4046 ἐστιν
1492 3992 1550 4045 ΑεΙ.

197 4083 319 4154 θλύγχας
337 4083 375 4135 sic
393 4083 415 4134 D
435 4082 504 4134 AeI:
527 4081 622 4133 delevit
638 4082 752 4134 Hercher
848 4080 1025 4150 στοχαζόμενοι
1043 4079 1113 4132 Ael.:
1137 4080 1347 4150 στοχαζόμεναΙ)
1441 4078 1551 4149 3προσ·

196 4171 341 4242 (φράξαντες
360 4171 381 4222 Ι)
480 4169 497 4221 4
518 4170 557 4237 τῷ
576 4168 597 4219 Ι)
616 4169 686 4221 Ael.:
710 4169 806 4221 delevit
823 4168 936 4221 Hercher
1036 4168 1051 4219 Ἰ
1074 4168 1169 4220 ἑστᾶσιν
1187 4168 1222 4221 D:
1246 4169 1340 4221 ἐπίασιν
1358 4168 1474 4232 (ἐπιᾱσιν)
1493 4167 1550 4219 ΑεΙ.

196 4258 211 4310 8
232 4259 295 4316 νεὼς
313 4258 383 4311 Aah:
406 4255 455 4308 νεὼ
473 4257 495 4308 Ι)
638 4257 668 4309 11
693 4256 846 4326 άλοωμένων
864 4257 886 4308 Ι)
1021 4261 1073 4307 τῶν
1091 4254 1186 4307 ὀστέων
1203 4255 1225 4307 Ι)
1244 4254 1314 4308 Aah:
1339 4254 1420 4308 ὀστῶν
1438 4255 1551 4308 Ilercher

198 4346 227 4399 14
244 4346 389 4399 άπάλοσιΙ)
497 4345 528 4397 17
548 4345 662 4414 ἐπηρεισε
678 4346 700 4397 D
718 4345 788 4397 Aah:
807 4344 924 4414 άπηρεισε
942 4344 1043 4396 emend.
1056 4343 1168 4396 Hereher
1275 4342 1306 4395 18
1329 4348 1427 4396 τοιοῦτο
1446 4342 1503 4396 ΑοΙ.

196 4433 281 4504 ἐξαίρει
297 4435 333 4486 D:
353 4431 442 4501 ἐξαιρεῖ
459 4433 516 4484 ΑυΙ.
611 4432 644 4484 22
663 4434 707 4484 καὶ
724 4435 795 4496 (ante
811 4431 883 4502 πρὸς)
899 4432 937 4483 sic
955 4432 976 4483 D
994 4431 1064 4483 101:
1082 4430 1178 4483 delevit
1194 4429 1288 4482 Reiske
1382 4429 1416 4483 23
1433 4430 1551 4490 ἐξάπτον·

195 4540 233 4580 τες
250 4523 272 4574 D
291 4521 362 4573 Αε1.;
388 4519 518 4580 ἐξάπτουσι
535 4521 648 4573 Hereher
766 4519 830 4590 ὑψοῦ
850 4519 945 4571 delevit
963 4518 1075 4571 Hercher
1194 4515 1303 4587 αἴροντες
1321 4518 1343 4569 Ι)
1363 4517 1432 4570 Λελε
1458 4516 1553 4587 οιίρουσι

196 4609 306 4661 Hercher
424 4607 458 4659 24
476 4606 656 4676 σφενδονῶντες
675 4607 743 4660 Ae1.:
768 4606 955 4676 σφενδονοῦντες
973 4607 1008 4658 D:
1031 4605 1180 4675 σφενδονῶσι
1198 4604 1313 4658 Hercher
1428 4604 1551 4674 κολεοῖο

127 4737 135 4753 .
195 4695 280 4754 δαλοὺς
303 4696 375 4748 deest
392 4695 450 4747 Ael.
596 4694 628 4747 26
654 4695 812 4763 σκοπούμενοι
830 4696 865 4747 D:
890 4692 1067 4761 δυσωπούμενα
1087 4692 1143 4746 ΑεΙ.
1289 4691 1353 4744 ἔστιν
1371 4692 1393 4743 Ι)
1412 4691 1483 4744 Ael.:
1507 4692 1551 4744 καλ

195 4783 257 4834 ἔστιν
274 4783 368 4835 Reiske
474 4782 587 4851 ἐμπεσεῖν
604 4783 735 4834 Gesnerus
842 4782 874 4833 27
894 4780 1060 4852 ἐφυλάττοντο
1078 4781 1113 4832 D:
1132 4778 1283 4849 ἐφυλάττετο
1299 4779 1356 4832 Αελ
1462 4777 1496 4831 28
1514 4796 1551 4838 τις

196 4871 289 4923 delevit
306 4870 420 4922 Hercher
527 4868 561 4921 30
584 4867 697 4938 γενέσθαι
714 4870 829 4922 Hercher

247 4978 354 5029 Supplem.
368 4978 434 5017 Arist.
443 4977 475 5016 11
490 4977 599 5027 Aristoph.
613 4976 670 5027 Eplt.
1332 4956 1352 5020 5
