3510 5610
197 303 240 367 50
387 301 636 357 ARISTOPHANIS
655 302 838 355 HISTORIAE
859 303 1048 374 ANIMALIUM
1070 303 1216 356 ΙΙΙἸΤΟΙΙΕ
1237 305 1259 356 ΙΙ
1278 303 1320 356 57.
1334 302 1368 356 58

335 473 408 557 (57)
434 470 498 538 Ὅτι
519 479 577 537 τῶν
599 474 760 559 εἰρημένων
783 474 817 537 οό
833 474 907 537 πολό
930 475 1083 543 διεστῶτές
1098 476 1167 538 εἰσιν
1190 476 1218 538 ολ
1240 475 1441 559 ἀκριδοφάγοι·
1468 477 1502 537 τό

250 574 308 660 <δέ>
331 574 416 645 ἔθνος
438 578 608 663 βραχύτεροι
632 578 683 660 μὲν
706 583 764 641 τῶν
787 580 910 647 λοιπῶν,
939 579 1032 662 ἰσχνοὶ
1058 578 1091 640 δὲ
1112 582 1172 646 τοῖς
1194 576 1298 652 εἴδεσι,
1326 576 1446 660 μέλανες
1469 578 1502 640 δὲ

251 678 393 748 ἐξαισίως.
428 681 484 743 ύπό
508 681 606 764 δὲτὴν
629 680 744 764 ἐαρινὴν
761 681 924 764 ἰσημερίαν,
947 682 995 744 ότε
1016 682 1093 765 λίβες
1115 677 1182 763 παρ’
1200 679 1298 748 αὐτοῖς
1320 680 1368 741 καὶ
1384 678 1502 763 ζέφυροι

252 780 372 844 πνέουσι
393 782 603 865 παμμεγέθεις,
630 783 754 866 ἀκρίδων
777 784 891 866 πλῆθος
913 783 1063 866 ἀμύθητον
1087 783 1120 845 ἐκ
1141 788 1193 866 τής
1215 783 1403 864 ἀνιστορήτου
1428 781 1501 865 μετὰ

224 888 308 946 οτῶν
331 884 446 967 ἀνέμων
469 886 651 969 παραγίνεται
673 889 783 970 χώρας,
807 886 913 968 τήμὲν
928 887 1047 968 δυνάμει
1069 890 1121 969 τῆς
1141 887 1275 968 πτήσεως
1295 890 1353 946 τῶν
1377 884 1501 967 ὀρνίθων

168 1018 172 1025 ·
251 988 350 1072 μικρὸν
373 989 586 1070 παραλλάττον,
615 989 724 1071 μακρὸν
752 989 784 1051 δέ
806 991 849 1071 τῷ
874 990 996 1070 σώματι.
1040 988 1099 1050 ἀπδ
1122 989 1230 1050 τούτων
1252 991 1310 1049 τῶν
1334 983 1420 1069 ζώων
1442 985 1502 1069 τρέ-

251 1113 352 1174 φονται
374 1091 466 1153 πάντα
488 1090 536 1152 τόν
559 1089 674 1174 χρόνον,
698 1090 794 1159 ἄλλως
815 1113 847 1153 τε
870 1091 980 1160 τούτοις
1005 1093 1052 1154 καὶ
1075 1089 1321 1175 τεταριχευμέναις
1343 1092 1501 1174 χρώμενοι.

249 1198 351 1277 καπνῷ
374 1194 517 1255 δὲταῦτα
541 1193 686 1275 θηρῶσιν,
713 1193 747 1256 ἐκ
771 1197 821 1255 τού
844 1192 929 1276 ἀέρος
952 1193 999 1254 ἐπὶ
1020 1198 1073 1275 γῆν
1096 1192 1313 1276 καταφέροντες.
1422 1189 1501 1253 οὗτοι

250 1298 354 1377 κοῦφοι
376 1295 428 1378 μὲν
451 1294 523 1357 εἶναι
545 1295 675 1377 λέγονται
701 1298 748 1358 καὶ
774 1300 832 1364 τοῖς
861 1293 864 1380 ί
893 1296 975 1358 ποσὶν
999 1295 1139 1378 ὀξύτεροι·
1173 1299 1245 1366 ζῶσι
1267 1295 1299 1357 δέ
1321 1293 1355 1357 ού
1378 1294 1468 1357 πλείω
1481 1308 1555 1353 τευ,

210 1412 237 1456 10
251 1404 308 1460 τῶν
335 1401 548 1482 τεσσαράκοντα
574 1399 663 1472 ἐτῶν,
692 1398 779 1482 ξηρᾶς
805 1403 1008 1466 κοινωνοῦντες
1034 1398 1151 1466 τελείως
1178 1402 1296 1482 τροφῆς.
1344 1400 1502 1461 τελευτῶσι

250 1501 282 1563 δέ
304 1504 354 1563 τοῦ
378 1505 430 1585 ζῆν
453 1499 658 1585 (ἀθλιώτερον
685 1502 747 1582 ἅμα
769 1501 822 1583 γάρ
845 1506 887 1584 τῷ
911 1501 1079 1584 πλησιάζειν
1102 1499 1134 1561 τό
1156 1498 1260 1584 γήρας)
1282 1499 1420 1581 ἐγγίνεται
1442 1505 1502 1569 τοῖς

251 1605 382 1685 σώμασιν
406 1601 502 1665 αότῶν
525 1603 657 1687 πτερωτὰ
679 1603 747 1686 γένη
770 1604 909 1688 φθειρῶν,
933 1602 1020 1686 όμοια
1043 1603 1094 1685 μὲν
1117 1608 1158 1686 τῷ
1179 1603 1260 1688 τύπιρ
1284 1608 1343 1672 τοῖς
1365 1600 1500 1686 κρότωσι,

252 1703 347 1788 βραχύ
371 1705 404 1767 δὲ
430 1707 541 1768 ἐλάττω
567 1710 625 1768 τῶν
652 1707 682 1768 ἐν
709 1712 768 1775 τοῖς
794 1706 860 1768 κυσὶ
886 1705 1080 1788 φαινομένων,
1108 1704 1258 1790 ἀρχόμενα
1285 1705 1337 1786 μὲν
1363 1705 1423 1767 ἀπδ
1448 1710 1500 1767 τοῦ

251 1807 379 1889 στήθους
412 1810 460 1871 καὶ
493 1813 544 1891 τής
577 1809 700 1884 κοιλίας,
734 1808 925 1891 ἐπινεμόμενα
958 1809 991 1869 δὲ
1023 1806 1172 1888 συντόμως
1205 1807 1277 1890 μετὰ
1310 1811 1360 1869 τοῦ
1394 1808 1501 1876 παντὸς

212 1923 238 1967 15
251 1912 409 1994 προσώπου
431 1911 483 1993 τήν
504 1910 680 1995 ἐπιφάνειαν.
713 1912 740 1975 οἳ
762 1911 798 1973 τά
821 1911 872 1993 μὲν
895 1917 996 1993 πρῶτα
1017 1916 1077 1979 τοῖς
1100 1911 1155 1973 ὑπὸ
1178 1912 1278 1994 ψώρας
1300 1909 1501 1993 ἠρεθισμένοις

253 2012 361 2094 ὁμοίως
388 2014 554 2081 διάκεινται,
584 2014 701 2096 ὕστερον
729 2013 761 2075 δὲ
787 2012 930 2081 ἐπιπόνως
957 2013 1077 2081 ἑαυτούς
1104 2015 1327 2095 σπαράττουσιν·
1362 2011 1424 2075 εἶτα
1450 2017 1501 2075 τού

251 2115 362 2183 πάθους
381 2115 422 2182 εἰς
437 2116 533 2198 ἀκμήν
549 2116 705 2199 ἑλκομένου
720 2117 767 2178 καὶ
784 2116 857 2198 μετὰ
871 2121 923 2199 τής
945 2121 1003 2178 τῶν
1019 2117 1129 2200 θηρίων
1145 2115 1294 2198 ἐκφύσεως
1317 2116 1365 2177 καὶ
1387 2118 1500 2177 λεπτῶν

252 2217 456 2302 άναχεομένων
481 2219 608 2303 ἰχώρων,
631 2219 841 2301 ἀκαρτερήτους
858 2218 1033 2302 ὑφίστασθαι
1048 2218 1113 2287 τούς
1130 2219 1249 2286 ἀθλίους
1263 2218 1314 2286 τάς
1329 2219 1502 2301 δριμυτάτοις

255 2320 402 2405 συμβαίνει
425 2320 537 2388 ὀδύνας.
572 2319 651 2383 οὗτοι
665 2322 717 2403 μὲν
740 2318 825 2403 (οὖν),
849 2320 907 2383 εἴτε
922 2321 988 2388 τούς
1011 2321 1132 2406 χυμούς,
1155 2321 1213 2383 εἴτε
1228 2321 1280 2402 τήν
1303 2322 1421 2404 τροφήν,
1442 2318 1501 2382 εἴτε

210 2437 237 2481 υυ
251 2422 302 2484 τδν
327 2421 399 2506 ἀέρα
421 2421 539 2507 ἔχοντες
561 2422 661 2497 αἴτιον,
684 2423 775 2491 οὕτως
797 2422 980 2486 ἀπόλλυνται.

332 2523 404 2607 (58)
430 2519 494 2590 Ὅτι
517 2530 573 2588 τῶν
590 2527 802 2610 ἀκριδοφάγων,
824 2527 920 2610 φησίν,
944 2527 1116 2608 ἀστυγείτων
1132 2529 1218 2611 χώρα
1233 2527 1327 2609 πολλὴ
1344 2527 1392 2588 καὶ
1410 2525 1500 2608 νομάς

254 2626 367 2712 ἔχουσα
392 2629 518 2711 ποικιλίᾳ
546 2629 751 2714 διαφερούσας,
779 2627 886 2713 ἔρημος
912 2631 944 2691 δὲ
966 2630 1082 2698 τελείως
1104 2631 1152 2692 καὶ
1175 2634 1245 2692 πᾶσι
1267 2633 1327 2696 τοῖς
1348 2629 1501 2712 περιοίκοις

254 2729 373 2816 άβατος,
400 2730 453 2794 οὐκ
478 2730 530 2793 ἀπ’
551 2733 646 2816 ἀρχῆς
672 2733 833 2796 σπανίσασα
860 2733 1042 2815 ἀνθρωπίνου
1064 2732 1176 2814 γένους,
1203 2729 1266 2794 ἀλλ’
1288 2731 1344 2792 ύπδ
1367 2730 1499 2813 πλήθους

253 2834 395 2916 σκορπίων
419 2834 466 2895 καλ
488 2835 663 2918 φαλαγγίων,
686 2835 720 2903 ἀς
742 2835 950 2918 τετραγνάθους
972 2835 1160 2916 ὀνομάζουσιν
1176 2832 1254 2896 ἔνιοι.
1291 2837 1374 2896 τοῦτο
1397 2833 1451 2917 γάρ
1466 2834 1498 2895 τδ

210 2952 237 2995 25
251 2939 341 3020 φῦλον
364 2933 399 2998 ἔκ
420 2958 495 3005 τινος
521 2936 677 3022 ἐπομβρίας
702 2936 831 3018 λέγουσιν
858 2938 1046 3012 ἐπιπολάσαι,
1072 2938 1120 3000 καλ
1143 2943 1198 2998 τῶν
1221 2936 1406 2998 ἐνοικούντων
1429 2936 1500 3018 πρδς

250 3040 282 3102 τό
305 3038 392 3101 κακόν
415 3038 560 3123 ἀντισχεῖν
583 3039 616 3102 ού
637 3039 811 3120 δυναμένων,
834 3041 909 3103 ἀλλά
924 3046 1004 3124 φυγή
1025 3044 1082 3101 τῶν
1105 3039 1285 3102 ἐκπεσόντων
1307 3043 1358 3101 τοῦ
1374 3037 1497 3122 ὀλέθρου

251 3142 302 3225 τὴν
326 3141 468 3224 σωτηρίαν
496 3142 558 3203 ἀντὶ
585 3146 636 3225 τῆς
662 3142 795 3224 πατρίδος
822 3142 981 3223 ἑλομένων,
1009 3140 1116 3226 ἔρημον
1143 3142 1172 3211 ἐξ
1198 3142 1307 3204 ἐκείνου
1333 3141 1432 3223 γένους
1454 3142 1499 3203 ἀν·

251 3245 379 3327 θρώπων
406 3244 458 3327 τήν
484 3246 584 3328 χώραν
613 3244 832 3328 ἀπολειφθῆναι.
941 3247 989 3307 καὶ
1015 3250 1097 3328 μυῶν
1120 3246 1233 3327 πλῆθος
1256 3244 1430 3328 ἀρουραίων,
1458 3247 1500 3312 ῶς

251 3352 310 3415 τοῖς
331 3346 396 3429 περὶ
416 3344 544 3419 Ἰταλίαν,
567 3347 614 3409 καὶ
631 3347 766 3429 στρουθοὶ
781 3347 817 3408 τά
832 3348 983 3430 σπέρματα
1006 3347 1213 3422 κατεσθίοντες,
1237 3350 1277 3414 ῶς
1291 3348 1356 3431 περὶ
1374 3345 1498 3430 Μηδίαν,

210 3466 238 3510 30
251 3452 298 3513 καί
321 3450 472 3534 βάτραχοι,
494 3448 510 3511 ὃ
529 3447 628 3531 γέγονε
648 3450 712 3532 περὶ
733 3449 799 3517 τοὺς
814 3448 1005 3533 Αὐταριάτας,
1028 3451 1076 3513 καὶ
1091 3449 1147 3512 ύπδ
1163 3449 1286 3512 λεόντων
1309 3448 1498 3512 ἐπιπολασάν-

199 3692 211 3743 l
238 3688 287 3758 ότι]
309 3688 404 3757 Agath.
424 3687 493 3755 apud
514 3687 587 3739 Phot.
607 3685 675 3739 Bibl.
693 3703 718 3754 p.
730 3685 1000 3739 453232-4531217.
1029 3688 1060 3739 οί.
1080 3686 1153 3739 Diod.
1166 3687 1201 3739 111
1216 3686 1257 3738 29.
1284 3686 1368 3739 Strab.
1381 3686 1444 3738 XVI
1462 3702 1487 3754 p.
1500 3686 1551 3738 772

197 3779 229 3830 21
249 3776 299 3843 ότι]
318 3776 413 3845 Agath.
426 3774 495 3842 apud
512 3773 587 3826 Phot.
601 3773 670 3825 Bibl.
683 3773 911 3841 p.4531›18-34.
936 3774 969 3827 cf.
987 3775 1062 3827 Diod.
1076 3775 1111 3827 111
1125 3773 1166 3826 30.
1194 3774 1278 3827 Strab.
1291 3773 1353 3827 XVI
1373 3790 1398 3841 p.
1413 3773 1552 3826 772-773

197 4000 213 4053 2
237 4000 263 4052 δὲ
281 3998 371 4052 addidi
389 4015 421 4052 ex
439 3998 516 4050 Phot.
634 3993 781 4065 βραχύτεροι
800 3995 887 4047 Phot.:
911 3994 1067 4064 βραχύτατον
1086 3997 1107 4049 Ι)
1229 3997 1245 4050 3
1268 3995 1309 4049 ὅτε
1328 3997 1416 4050 Phot.:
1442 3997 1467 4048 οΙ
1482 4015 1510 4049 τε
1528 3997 1550 4049 Ι)

196 4088 213 4139 4
237 4084 405 4156 παμμεγέθεις
422 4086 444 4138 Ι)
463 4085 551 4138 Diod.:
575 4080 745 4151 παμμτγτθῶν
767 4083 842 4134 Phot.
865 4083 963 4152 ζέφυροι
982 4085 1096 4142 πνέοντες
1114 4083 1216 4153 μεγάλοι
1235 4084 1318 4138 Strab.
1457 4086 1486 4137 ἐκ
1506 4089 1552 4154 τῆς

196 4175 377 4244 ὀνιστορήτου.
391 4173 517 4243 ..χώρας
534 4171 584 4236 (5)]
607 4171 636 4223 ἐκ
655 4176 699 4240 τῆς
718 4172 812 4239 ἐρήμου
832 4171 907 4223 Diod.
1046 4173 1061 4222 (3
1087 4172 1136 4224 ἀπδ
1157 4171 1254 4224 τούτων
1275 4178 1327 4223 τῶν
1349 4172 1423 4232 ζώων
1442 4172 1477 4224 D:
1503 4171 1552 4224 ἀπὸ

197 4263 286 4316 τούτου
305 4266 350 4314 τού
369 4262 436 4330 ζῴου
454 4262 541 4313 Phot.:
566 4260 595 4311 ἐκ
614 4256 704 4310 τούτου
724 4258 796 4309 Diod.
934 4259 950 4310 8
975 4263 1054 4311 ταῦτα
1073 4260 1128 4312 Ι)Λ
1147 4260 1236 4311 Phot.:
1260 4257 1351 4317 ταύτας
1370 4259 1444 4312 Phot.

197 4350 221 4402 9.
238 4351 270 4403 Ιθ
292 4350 370 4402 πλείω
388 4354 440 4400 τῶν
458 4349 492 4400 D:
518 4347 602 4400 πλεῖον
620 4345 694 4398 Phot.
839 4348 866 4397 ll
892 4346 1167 4417 ἀθλιώτερον-γήρας
1186 4346 1274 4398 addidi
1294 4363 1326 4398 ox
1344 4347 1419 4399 Phot.
1438 4348 1494 4414 (qui
1513 4351 1551 4416 τῷ

197 4444 257 4505 post
275 4437 320 4506 γὰρ
339 4437 436 4499 omisit)
552 4433 582 4486 13
607 4433 686 4502 βραχύ
706 4433 740 4485 D:
764 4433 880 4504 βραχεῖαν
899 4455 914 4495 ς
933 4435 1020 4486 Phot.:
1043 4433 1130 4503 βραχεῖ
1148 4433 1209 4486 edit.
1224 4435 1298 4486 Phot.
1412 4433 1443 4485 18
1467 4434 1551 4504 δριμυ-

196 4525 271 4581 τάτοις
289 4524 323 4575 D:
343 4522 493 4593 δριμύτητας
510 4525 570 4587 (om.
583 4519 680 4583 ὀδύνας)
699 4520 772 4572 Pho&
875 4520 905 4572 19
925 4521 968 4573 ούν
985 4522 1006 4574 Β
1027 4524 1052 4573 et
1070 4521 1132 4573 edit.
1146 4521 1233 4573 Phot.:
1253 4522 1336 4573 om.D
1438 4521 1472 4573 20
1490 4522 1551 4574 ἀπό-

196 4610 280 4663 λυνται
298 4612 320 4662 Ι)
444 4610 474 4662 θ]
500 4617 559 4677 post
578 4607 752 4679 ἀκριόοφαίγων
771 4607 890 4660 lacunam
908 4610 987 4661 unius
1007 4625 1094 4661 versus
1114 4609 1192 4660 habet
1210 4610 1241 4673 D,
1262 4609 1306 4661 sed
1324 4608 1390 4660 nihil
1408 4607 1481 4661 deest

197 4698 230 4750 22
254 4697 354 4753 τελείοις
373 4698 408 4749 Ι);
432 4697 523 4754 τελέως
543 4698 616 4749 phot.
728 4695 762 4748 ‘23
785 4695 896 4763 πλήθους
915 4697 1017 4749 ἀπίστου
1036 4696 1110 4748 ΡΙιυί.
1221 4696 1253 4747 24
1278 4693 1457 4764 τετραγνάθους
1475 4697 1551 4750 Phot.

196 4785 239 4848 (cf.
258 4786 342 4838 Strab.
362 4785 377 4835 Ι.
391 4787 436 4847 e.):
460 4784 639 4853 τετραγάνθους
658 4786 679 4836 Ι)
794 4784 826 4834 25
851 4783 928 4849 φῦλον
946 4785 1034 4836 Phot.:
1060 4783 1153 4853 φύλλον
1172 4785 1193 4836 Ι)
1311 4784 1344 4834 2’8
1368 4784 1551 4855 ύπολειφθῆναι

196 4873 257 4926 edit.
272 4873 348 4924 Phot.
471 4872 515 4923 καὶ
533 4879 605 4939 μυῶν
623 4871 649 4924 ὀὲ
667 4872 741 4925 Ρθυί.
865 4871 897 4921 29
921 4879 971 4929 τοῖς
990 4873 1076 4923 Phot.:
1103 4876 1147 4923 τού
1166 4873 1187 4924 Ι)
