<?xml version="1.0" encoding="UTF-8"?>
<!DOCTYPE html PUBLIC "-//W3C//DTD XHTML 1.0 Transitional//EN"
    "http://www.w3.org/TR/xhtml1/DTD/xhtml1-transitional.dtd">
<html xmlns="http://www.w3.org/1999/xhtml" xml:lang="en" lang="en">
 <head>
  <title>
</title>
<meta http-equiv="Content-Type" content="text/html;charset=utf-8" />
  <meta name='ocr-system' content='tesseract 3.04.00' />
  <meta name='ocr-capabilities' content='ocr_page ocr_carea ocr_par ocr_line ocrx_word'/>
</head>
<body>
  <div class='ocr_page' id='page_1' title='image "./supplementumari01arisgoog_0326.png"; bbox 0 0 3510 5610; ppageno 0'>
   <div class='ocr_carea' id='block_1_1' title="bbox 679 306 1549 394">
    <p class='ocr_par' dir='ltr' id='par_1_1' title="bbox 679 306 1549 394">
     <span class='ocr_line' id='line_1_1' title="bbox 679 306 1549 394; baseline 0.002 -35"><span class='ocrx_word' id='word_1_1' title='bbox 679 385 684 394; x_wconf 33' lang='grc' dir='ltr'>Ι</span> <span class='ocrx_word' id='word_1_2' title='bbox 772 306 969 361; x_wconf 77' lang='lat' dir='ltr'><strong>PRAEFATIO</strong></span> <span class='ocrx_word' id='word_1_3' title='bbox 1518 322 1549 361; x_wconf 87' lang='lat' dir='ltr'>xr</span> 
     </span>
    </p>
   </div>
   <div class='ocr_carea' id='block_1_2' title="bbox 110 475 1602 4139">
    <p class='ocr_par' dir='ltr' id='par_1_2' title="bbox 193 475 1597 1157">
     <span class='ocr_line' id='line_1_2' title="bbox 279 475 1597 565; baseline 0.007 -26"><span class='ocrx_word' id='word_1_4' title='bbox 279 475 316 542; x_wconf 91' lang='lat' dir='ltr'>Il.</span> <span class='ocrx_word' id='word_1_5' title='bbox 361 477 1062 564; x_wconf 66' lang='lat' dir='ltr'>Hennenses3969.14(f0u.139v—160)</span> <span class='ocrx_word' id='word_1_6' title='bbox 1085 481 1205 546; x_wconf 87' lang='lat' dir='ltr'>saeculi</span> <span class='ocrx_word' id='word_1_7' title='bbox 1228 482 1330 565; x_wconf 87' lang='lat' dir='ltr'>XIV.;</span> <span class='ocrx_word' id='word_1_8' title='bbox 1357 481 1482 565; x_wconf 87' lang='lat' dir='ltr'>dequo</span> <span class='ocrx_word' id='word_1_9' title='bbox 1505 482 1544 548; x_wconf 82' lang='lat' dir='ltr'>cf.</span> <span class='ocrx_word' id='word_1_10' title='bbox 1568 484 1597 548; x_wconf 88' lang='grc' dir='ltr'>Η</span> 
     </span>
     <span class='ocr_line' id='line_1_3' title="bbox 193 592 1548 682; baseline 0.004 -22"><span class='ocrx_word' id='word_1_11' title='bbox 193 592 277 660; x_wconf 79' lang='lat' dir='ltr'>‘Cat</span> <span class='ocrx_word' id='word_1_12' title='bbox 301 596 337 662; x_wconf 89' lang='lat' dir='ltr'>ol</span> <span class='ocrx_word' id='word_1_13' title='bbox 356 597 411 663; x_wconf 93' lang='lat' dir='ltr'>tbe</span> <span class='ocrx_word' id='word_1_14' title='bbox 433 598 586 663; x_wconf 87' lang='lat' dir='ltr'>Harleian</span> <span class='ocrx_word' id='word_1_15' title='bbox 603 598 693 662; x_wconf 87' lang='lat' dir='ltr'>MSS.</span> <span class='ocrx_word' id='word_1_16' title='bbox 717 597 750 662; x_wconf 94' lang='lat' dir='ltr'>iu</span> <span class='ocrx_word' id='word_1_17' title='bbox 773 598 827 663; x_wconf 86' lang='lat' dir='ltr'>tlre</span> <span class='ocrx_word' id='word_1_18' title='bbox 851 599 968 664; x_wconf 81' lang='lat' dir='ltr'>llritisb</span> <span class='ocrx_word' id='word_1_19' title='bbox 985 600 1143 665; x_wconf 87' lang='lat' dir='ltr'>Museum’</span> <span class='ocrx_word' id='word_1_20' title='bbox 1166 600 1223 663; x_wconf 87' lang='grc' dir='ltr'><strong>ΙΙΙ.</strong></span> <span class='ocrx_word' id='word_1_21' title='bbox 1248 600 1368 682; x_wconf 84' lang='lat' dir='ltr'>p.100.</span> <span class='ocrx_word' id='word_1_22' title='bbox 1412 600 1548 667; x_wconf 90' lang='lat' dir='ltr'>alteram</span> 
     </span>
     <span class='ocr_line' id='line_1_4' title="bbox 196 712 1550 801; baseline 0.004 -23"><span class='ocrx_word' id='word_1_23' title='bbox 196 712 265 780; x_wconf 81' lang='lat' dir='ltr'>fere</span> <span class='ocrx_word' id='word_1_24' title='bbox 287 716 478 801; x_wconf 87' lang='lat' dir='ltr'>scripturam</span> <span class='ocrx_word' id='word_1_25' title='bbox 501 717 599 783; x_wconf 80' lang='lat' dir='ltr'><strong>refert</strong></span> <span class='ocrx_word' id='word_1_26' title='bbox 615 717 901 799; x_wconf 74' lang='lat' dir='ltr'>Sarrgermarrensis</span> <span class='ocrx_word' id='word_1_27' title='bbox 924 717 1053 801; x_wconf 88' lang='lat' dir='ltr'>codicis,</span> <span class='ocrx_word' id='word_1_28' title='bbox 1076 718 1108 782; x_wconf 91' lang='lat' dir='ltr'>iu</span> <span class='ocrx_word' id='word_1_29' title='bbox 1132 719 1242 783; x_wconf 88' lang='lat' dir='ltr'>ordine</span> <span class='ocrx_word' id='word_1_30' title='bbox 1258 726 1365 782; x_wconf 89' lang='lat' dir='ltr'>autem</span> <span class='ocrx_word' id='word_1_31' title='bbox 1382 719 1550 784; x_wconf 88' lang='lat' dir='ltr'>verborum</span> 
     </span>
     <span class='ocr_line' id='line_1_5' title="bbox 196 835 1549 920; baseline 0.003 -22"><span class='ocrx_word' id='word_1_32' title='bbox 196 841 229 899; x_wconf 88' lang='lat' dir='ltr'>et</span> <span class='ocrx_word' id='word_1_33' title='bbox 251 835 408 902; x_wconf 86' lang='lat' dir='ltr'>scribendi</span> <span class='ocrx_word' id='word_1_34' title='bbox 439 836 563 901; x_wconf 92' lang='lat' dir='ltr'>ratione</span> <span class='ocrx_word' id='word_1_35' title='bbox 587 835 705 918; x_wconf 88' lang='lat' dir='ltr'>passim</span> <span class='ocrx_word' id='word_1_36' title='bbox 734 835 949 920; x_wconf 79' lang='lat' dir='ltr'>immutatam3</span> <span class='ocrx_word' id='word_1_37' title='bbox 981 837 1119 920; x_wconf 89' lang='lat' dir='ltr'>optimus</span> <span class='ocrx_word' id='word_1_38' title='bbox 1149 845 1256 902; x_wconf 90' lang='lat' dir='ltr'>tamen</span> <span class='ocrx_word' id='word_1_39' title='bbox 1278 836 1330 902; x_wconf 93' lang='lat' dir='ltr'>bic</span> <span class='ocrx_word' id='word_1_40' title='bbox 1353 856 1393 901; x_wconf 83' lang='lat' dir='ltr'>ex</span> <span class='ocrx_word' id='word_1_41' title='bbox 1415 837 1549 903; x_wconf 90' lang='lat' dir='ltr'>deterio-</span> 
     </span>
     <span class='ocr_line' id='line_1_6' title="bbox 195 952 1550 1039; baseline 0.003 -23"><span class='ocrx_word' id='word_1_42' title='bbox 195 952 293 1037; x_wconf 82' lang='lat' dir='ltr'>ribus,</span> <span class='ocrx_word' id='word_1_43' title='bbox 322 975 505 1039; x_wconf 84' lang='lat' dir='ltr'>quanquam</span> <span class='ocrx_word' id='word_1_44' title='bbox 527 953 623 1020; x_wconf 90' lang='lat' dir='ltr'>certis</span> <span class='ocrx_word' id='word_1_45' title='bbox 645 953 677 1017; x_wconf 93' lang='lat' dir='ltr'>in</span> <span class='ocrx_word' id='word_1_46' title='bbox 702 953 779 1018; x_wconf 89' lang='lat' dir='ltr'>locis</span> <span class='ocrx_word' id='word_1_47' title='bbox 802 975 860 1020; x_wconf 90' lang='lat' dir='ltr'>suo</span> <span class='ocrx_word' id='word_1_48' title='bbox 882 955 952 1038; x_wconf 90' lang='lat' dir='ltr'>ipse</span> <span class='ocrx_word' id='word_1_49' title='bbox 974 956 1087 1037; x_wconf 82' lang='lat' dir='ltr'>Marte,</span> <span class='ocrx_word' id='word_1_50' title='bbox 1111 964 1146 1019; x_wconf 93' lang='lat' dir='ltr'>ut</span> <span class='ocrx_word' id='word_1_51' title='bbox 1169 955 1303 1038; x_wconf 89' lang='lat' dir='ltr'>videtur,</span> <span class='ocrx_word' id='word_1_52' title='bbox 1332 974 1435 1020; x_wconf 89' lang='lat' dir='ltr'>novas</span> <span class='ocrx_word' id='word_1_53' title='bbox 1457 976 1550 1039; x_wconf 86' lang='lat' dir='ltr'>quas·</span> 
     </span>
     <span class='ocr_line' id='line_1_7' title="bbox 197 1070 1422 1157; baseline 0.002 -21"><span class='ocrx_word' id='word_1_54' title='bbox 197 1070 271 1137; x_wconf 89' lang='lat' dir='ltr'>dam</span> <span class='ocrx_word' id='word_1_55' title='bbox 295 1092 414 1157; x_wconf 88' lang='lat' dir='ltr'>easque</span> <span class='ocrx_word' id='word_1_56' title='bbox 436 1075 533 1140; x_wconf 84' lang='lat' dir='ltr'>valde</span> <span class='ocrx_word' id='word_1_57' title='bbox 555 1074 707 1139; x_wconf 87' lang='lat' dir='ltr'>ridiculas</span> <span class='ocrx_word' id='word_1_58' title='bbox 729 1073 883 1139; x_wconf 89' lang='lat' dir='ltr'>lectiones</span> <span class='ocrx_word' id='word_1_59' title='bbox 906 1074 1054 1140; x_wconf 89' lang='lat' dir='ltr'>librarius</span> <span class='ocrx_word' id='word_1_60' title='bbox 1075 1074 1269 1140; x_wconf 86' lang='lat' dir='ltr'>Harleiauus</span> <span class='ocrx_word' id='word_1_61' title='bbox 1291 1074 1422 1140; x_wconf 83' lang='lat' dir='ltr'>invexit.</span> 
     </span>
    </p>

    <p class='ocr_par' dir='ltr' id='par_1_3' title="bbox 197 1191 1601 1992">
     <span class='ocr_line' id='line_1_8' title="bbox 281 1191 1601 1279; baseline 0.002 -24"><span class='ocrx_word' id='word_1_62' title='bbox 281 1191 340 1259; x_wconf 86' lang='lat' dir='ltr'>Ill.</span> <span class='ocrx_word' id='word_1_63' title='bbox 383 1193 580 1258; x_wconf 74' lang='lat' dir='ltr'>Maurusuus</span> <span class='ocrx_word' id='word_1_64' title='bbox 602 1193 634 1257; x_wconf 93' lang='lat' dir='ltr'>in</span> <span class='ocrx_word' id='word_1_65' title='bbox 664 1192 859 1259; x_wconf 81' lang='lat' dir='ltr'>bibliotheca</span> <span class='ocrx_word' id='word_1_66' title='bbox 880 1192 979 1279; x_wconf 82' lang='lat' dir='ltr'>Lycei</span> <span class='ocrx_word' id='word_1_67' title='bbox 1002 1193 1039 1257; x_wconf 85' lang='grc' dir='ltr'>Α.</span> <span class='ocrx_word' id='word_1_68' title='bbox 1062 1193 1117 1258; x_wconf 90' lang='lat' dir='ltr'>lV.</span> <span class='ocrx_word' id='word_1_69' title='bbox 1139 1194 1181 1258; x_wconf 81' lang='lat'>25</span> <span class='ocrx_word' id='word_1_70' title='bbox 1205 1195 1303 1276; x_wconf 77' lang='lat' dir='ltr'>(saec.</span> <span class='ocrx_word' id='word_1_71' title='bbox 1325 1193 1459 1277; x_wconf 64' lang='lat' dir='ltr'>illut).</span> <span class='ocrx_word' id='word_1_72' title='bbox 1503 1195 1548 1258; x_wconf 91' lang='lat' dir='ltr'>al·</span> <span class='ocrx_word' id='word_1_73' title='bbox 1570 1195 1601 1258; x_wconf 89' lang='lat' dir='ltr'>M</span> 
     </span>
     <span class='ocr_line' id='line_1_9' title="bbox 197 1310 1551 1396; baseline 0.002 -22"><span class='ocrx_word' id='word_1_74' title='bbox 197 1310 390 1395; x_wconf 21' lang='lat' dir='ltr'>teramlfere</span> <span class='ocrx_word' id='word_1_75' title='bbox 417 1313 607 1396; x_wconf 74' lang='lat' dir='ltr'><strong>scripturam</strong></span> <span class='ocrx_word' id='word_1_76' title='bbox 640 1312 738 1380; x_wconf 85' lang='lat' dir='ltr'>refert</span> <span class='ocrx_word' id='word_1_77' title='bbox 760 1312 1048 1395; x_wconf 82' lang='lat' dir='ltr'>Saugermanensis</span> <span class='ocrx_word' id='word_1_78' title='bbox 1076 1312 1195 1377; x_wconf 91' lang='lat' dir='ltr'>codicis</span> <span class='ocrx_word' id='word_1_79' title='bbox 1228 1312 1350 1377; x_wconf 87' lang='lat' dir='ltr'>incuria</span> <span class='ocrx_word' id='word_1_80' title='bbox 1377 1312 1551 1377; x_wconf 89' lang='lat' dir='ltr'>scribarum</span> 
     </span>
     <span class='ocr_line' id='line_1_10' title="bbox 199 1430 1551 1516; baseline 0.001 -22"><span class='ocrx_word' id='word_1_81' title='bbox 199 1430 277 1496; x_wconf 93' lang='lat' dir='ltr'>miro</span> <span class='ocrx_word' id='word_1_82' title='bbox 305 1433 399 1497; x_wconf 93' lang='lat' dir='ltr'>modo</span> <span class='ocrx_word' id='word_1_83' title='bbox 431 1433 657 1515; x_wconf 77' lang='lat' dir='ltr'>depravatam:</span> <span class='ocrx_word' id='word_1_84' title='bbox 691 1433 724 1497; x_wconf 93' lang='lat' dir='ltr'>in</span> <span class='ocrx_word' id='word_1_85' title='bbox 753 1432 894 1515; x_wconf 89' lang='lat' dir='ltr'>capitulo</span> <span class='ocrx_word' id='word_1_86' title='bbox 921 1444 1030 1497; x_wconf 86' lang='lat' dir='ltr'>autem</span> <span class='ocrx_word' id='word_1_87' title='bbox 1051 1432 1104 1514; x_wconf 61' lang='lat' dir='ltr'>X„</span> <span class='ocrx_word' id='word_1_88' title='bbox 1137 1431 1357 1516; x_wconf 86' lang='lat' dir='ltr'>transpositis,</span> <span class='ocrx_word' id='word_1_89' title='bbox 1392 1440 1425 1496; x_wconf 93' lang='lat' dir='ltr'>ut</span> <span class='ocrx_word' id='word_1_90' title='bbox 1452 1439 1551 1515; x_wconf 80' lang='lat' dir='ltr'>patet,</span> 
     </span>
     <span class='ocr_line' id='line_1_11' title="bbox 198 1548 1551 1635; baseline 0.001 -21"><span class='ocrx_word' id='word_1_91' title='bbox 198 1548 283 1614; x_wconf 84' lang='lat' dir='ltr'>loliis</span> <span class='ocrx_word' id='word_1_92' title='bbox 305 1550 424 1616; x_wconf 88' lang='lat' dir='ltr'>codicis</span> <span class='ocrx_word' id='word_1_93' title='bbox 457 1572 498 1617; x_wconf 83' lang='lat' dir='ltr'>ex</span> <span class='ocrx_word' id='word_1_94' title='bbox 524 1573 586 1635; x_wconf 87' lang='lat' dir='ltr'>quo</span> <span class='ocrx_word' id='word_1_95' title='bbox 609 1553 803 1617; x_wconf 77' lang='lat' dir='ltr'>Mantuanus</span> <span class='ocrx_word' id='word_1_96' title='bbox 829 1549 994 1616; x_wconf 83' lang='lat' dir='ltr'>derivatus</span> <span class='ocrx_word' id='word_1_97' title='bbox 1019 1557 1079 1634; x_wconf 83' lang='lat' dir='ltr'>est,</span> <span class='ocrx_word' id='word_1_98' title='bbox 1114 1571 1189 1633; x_wconf 89' lang='lat' dir='ltr'>pars</span> <span class='ocrx_word' id='word_1_99' title='bbox 1216 1552 1374 1633; x_wconf 81' lang='lat' dir='ltr'>quaedam</span> <span class='ocrx_word' id='word_1_100' title='bbox 1398 1552 1551 1616; x_wconf 90' lang='lat' dir='ltr'>orationis</span> 
     </span>
     <span class='ocr_line' id='line_1_12' title="bbox 200 1669 1550 1754; baseline 0.001 -21"><span class='ocrx_word' id='word_1_101' title='bbox 200 1669 307 1735; x_wconf 88' lang='lat' dir='ltr'>alieno</span> <span class='ocrx_word' id='word_1_102' title='bbox 330 1672 400 1735; x_wconf 92' lang='lat' dir='ltr'>loco</span> <span class='ocrx_word' id='word_1_103' title='bbox 423 1671 548 1754; x_wconf 83' lang='lat' dir='ltr'>legitur.</span> <span class='ocrx_word' id='word_1_104' title='bbox 594 1671 687 1736; x_wconf 90' lang='lat' dir='ltr'>huius</span> <span class='ocrx_word' id='word_1_105' title='bbox 708 1669 897 1754; x_wconf 83' lang='lat' dir='ltr'>apographo</span> <span class='ocrx_word' id='word_1_106' title='bbox 921 1678 992 1735; x_wconf 92' lang='lat' dir='ltr'>utor</span> <span class='ocrx_word' id='word_1_107' title='bbox 1012 1690 1108 1735; x_wconf 91' lang='lat' dir='ltr'>manu</span> <span class='ocrx_word' id='word_1_108' title='bbox 1124 1671 1163 1734; x_wconf 90' lang='lat' dir='ltr'>D.</span> <span class='ocrx_word' id='word_1_109' title='bbox 1180 1670 1356 1737; x_wconf 83' lang='lat' dir='ltr'>Detlelseni</span> <span class='ocrx_word' id='word_1_110' title='bbox 1379 1669 1550 1753; x_wconf 88' lang='lat' dir='ltr'>descripto,</span> 
     </span>
     <span class='ocr_line' id='line_1_13' title="bbox 199 1787 1551 1871; baseline -0.001 -20"><span class='ocrx_word' id='word_1_111' title='bbox 199 1787 251 1871; x_wconf 89' lang='lat' dir='ltr'>qui</span> <span class='ocrx_word' id='word_1_112' title='bbox 279 1788 397 1854; x_wconf 87' lang='lat' dir='ltr'>eximia</span> <span class='ocrx_word' id='word_1_113' title='bbox 425 1790 624 1855; x_wconf 82' lang='lat' dir='ltr'>humanitate</span> <span class='ocrx_word' id='word_1_114' title='bbox 650 1789 734 1854; x_wconf 90' lang='lat' dir='ltr'>hanc</span> <span class='ocrx_word' id='word_1_115' title='bbox 761 1789 837 1853; x_wconf 85' lang='lat' dir='ltr'>milri</span> <span class='ocrx_word' id='word_1_116' title='bbox 867 1789 1040 1855; x_wconf 86' lang='lat' dir='ltr'>editionem</span> <span class='ocrx_word' id='word_1_117' title='bbox 1073 1790 1242 1855; x_wconf 84' lang='lat' dir='ltr'>instruenti</span> <span class='ocrx_word' id='word_1_118' title='bbox 1272 1789 1443 1855; x_wconf 90' lang='lat' dir='ltr'>schedulas</span> <span class='ocrx_word' id='word_1_119' title='bbox 1476 1807 1551 1851; x_wconf 86' lang='lat' dir='ltr'>suas</span> 
     </span>
     <span class='ocr_line' id='line_1_14' title="bbox 200 1904 1498 1992; baseline 0 -21"><span class='ocrx_word' id='word_1_120' title='bbox 200 1907 332 1973; x_wconf 84' lang='lat' dir='ltr'>tradidit</span> <span class='ocrx_word' id='word_1_121' title='bbox 354 1908 553 1991; x_wconf 89' lang='lat' dir='ltr'>utendasque</span> <span class='ocrx_word' id='word_1_122' title='bbox 576 1908 729 1992; x_wconf 84' lang='lat' dir='ltr'>permisit.</span> <span class='ocrx_word' id='word_1_123' title='bbox 1358 1958 1366 1973; x_wconf 94' lang='lat'><em>.</em></span> <span class='ocrx_word' id='word_1_124' title='bbox 1494 1904 1498 1911; x_wconf 73' lang='grc'><strong><em>’</em></strong></span> 
     </span>
    </p>

    <p class='ocr_par' dir='ltr' id='par_1_4' title="bbox 201 2022 1602 2571">
     <span class='ocr_line' id='line_1_15' title="bbox 233 2022 1602 2112; baseline -0.002 -21"><span class='ocrx_word' id='word_1_125' title='bbox 233 2104 236 2108; x_wconf 10' lang='grc' dir='ltr'><strong>Α</strong></span> <span class='ocrx_word' id='word_1_126' title='bbox 284 2026 337 2091; x_wconf 90' lang='lat' dir='ltr'>IV.</span> <span class='ocrx_word' id='word_1_127' title='bbox 383 2026 604 2093; x_wconf 74' lang='lat' dir='ltr'>Oorromssus</span> <span class='ocrx_word' id='word_1_128' title='bbox 628 2028 724 2110; x_wconf 89' lang='lat' dir='ltr'>Vesp.</span> <span class='ocrx_word' id='word_1_129' title='bbox 749 2030 786 2089; x_wconf 82' lang='grc' dir='ltr'>Α.</span> <span class='ocrx_word' id='word_1_130' title='bbox 804 2028 842 2090; x_wconf 94' lang='lat' dir='ltr'>ll.</span> <span class='ocrx_word' id='word_1_131' title='bbox 863 2029 901 2092; x_wconf 83' lang='lat'>13</span> <span class='ocrx_word' id='word_1_132' title='bbox 925 2027 1005 2110; x_wconf 84' lang='lat' dir='ltr'>(foll.</span> <span class='ocrx_word' id='word_1_133' title='bbox 1024 2030 1204 2112; x_wconf 70' lang='lat'>148-157)</span> <span class='ocrx_word' id='word_1_134' title='bbox 1231 2027 1350 2094; x_wconf 87' lang='lat' dir='ltr'>saeculi</span> <span class='ocrx_word' id='word_1_135' title='bbox 1374 2027 1480 2111; x_wconf 80' lang='lat' dir='ltr'><strong>XIV.;</strong></span> <span class='ocrx_word' id='word_1_136' title='bbox 1514 2022 1602 2090; x_wconf 80' lang='lat' dir='ltr'>‹le-(l</span> 
     </span>
     <span class='ocr_line' id='line_1_16' title="bbox 203 2130 1554 2234; baseline -0.002 -24"><span class='ocrx_word' id='word_1_137' title='bbox 203 2166 263 2229; x_wconf 91' lang='lat' dir='ltr'>quo</span> <span class='ocrx_word' id='word_1_138' title='bbox 293 2146 332 2212; x_wconf 88' lang='lat' dir='ltr'>cf.</span> <span class='ocrx_word' id='word_1_139' title='bbox 358 2146 443 2213; x_wconf 82' lang='lat' dir='ltr'>‘Cat</span> <span class='ocrx_word' id='word_1_140' title='bbox 468 2146 504 2212; x_wconf 87' lang='lat' dir='ltr'>of</span> <span class='ocrx_word' id='word_1_141' title='bbox 525 2148 580 2213; x_wconf 85' lang='lat' dir='ltr'>the</span> <span class='ocrx_word' id='word_1_142' title='bbox 603 2146 698 2223; x_wconf 85' lang='lat' dir='ltr'>MSS.¹</span> <span class='ocrx_word' id='word_1_143' title='bbox 717 2147 749 2211; x_wconf 95' lang='lat' dir='ltr'>in</span> <span class='ocrx_word' id='word_1_144' title='bbox 773 2145 828 2212; x_wconf 90' lang='lat' dir='ltr'>tbe</span> <span class='ocrx_word' id='word_1_145' title='bbox 851 2146 1024 2213; x_wconf 78' lang='lat' dir='ltr'>Cottoniau</span> <span class='ocrx_word' id='word_1_146' title='bbox 1047 2148 1195 2234; x_wconf 87' lang='lat' dir='ltr'>Library&#39;</span> <span class='ocrx_word' id='word_1_147' title='bbox 1220 2171 1249 2232; x_wconf 92' lang='lat' dir='ltr'>p.</span> <span class='ocrx_word' id='word_1_148' title='bbox 1265 2150 1339 2214; x_wconf 79' lang='lat'>433.</span> <span class='ocrx_word' id='word_1_149' title='bbox 1383 2130 1554 2231; x_wconf 87' lang='lat' dir='ltr'>incipitut</span> 
     </span>
     <span class='ocr_line' id='line_1_17' title="bbox 203 2265 1554 2353; baseline -0.001 -24"><span class='ocrx_word' id='word_1_150' title='bbox 203 2287 285 2330; x_wconf 91' lang='lat' dir='ltr'>nunc</span> <span class='ocrx_word' id='word_1_151' title='bbox 320 2272 368 2331; x_wconf 88' lang='lat' dir='ltr'>est</span> <span class='ocrx_word' id='word_1_152' title='bbox 404 2286 425 2330; x_wconf 91' lang='lat' dir='ltr'>a</span> <span class='ocrx_word' id='word_1_153' title='bbox 458 2266 564 2331; x_wconf 89' lang='lat' dir='ltr'>verbis</span> <span class='ocrx_word' id='word_1_154' title='bbox 598 2265 675 2348; x_wconf 83' lang='lat' dir='ltr'>Cap.</span> <span class='ocrx_word' id='word_1_155' title='bbox 704 2266 761 2330; x_wconf 94' lang='lat' dir='ltr'>Ill.</span> <span class='ocrx_word' id='word_1_156' title='bbox 794 2268 908 2331; x_wconf 67' lang='lat' dir='ltr'>recreo</span> <span class='ocrx_word' id='word_1_157' title='bbox 939 2280 967 2332; x_wconf 84' lang='lat' dir='ltr'>et</span> <span class='ocrx_word' id='word_1_158' title='bbox 998 2271 1149 2353; x_wconf 71' lang='lat' dir='ltr'>sanquine</span> <span class='ocrx_word' id='word_1_159' title='bbox 1185 2270 1235 2352; x_wconf 90' lang='lat' dir='ltr'>(p.</span> <span class='ocrx_word' id='word_1_160' title='bbox 1256 2269 1394 2351; x_wconf 81' lang='lat'>61,14),</span> <span class='ocrx_word' id='word_1_161' title='bbox 1432 2265 1554 2348; x_wconf 77' lang='lat' dir='ltr'>aliquot</span> 
     </span>
     <span class='ocr_line' id='line_1_18' title="bbox 201 2383 1554 2472; baseline -0.003 -22"><span class='ocrx_word' id='word_1_162' title='bbox 201 2385 350 2450; x_wconf 83' lang='lat' dir='ltr'>videlicet</span> <span class='ocrx_word' id='word_1_163' title='bbox 375 2385 408 2450; x_wconf 96' lang='lat' dir='ltr'>in</span> <span class='ocrx_word' id='word_1_164' title='bbox 437 2385 542 2450; x_wconf 82' lang='lat' dir='ltr'>fronte</span> <span class='ocrx_word' id='word_1_165' title='bbox 567 2384 694 2448; x_wconf 90' lang='lat' dir='ltr'>amissis</span> <span class='ocrx_word' id='word_1_166' title='bbox 723 2384 819 2450; x_wconf 84' lang='lat' dir='ltr'>foliis.</span> <span class='ocrx_word' id='word_1_167' title='bbox 863 2386 1007 2452; x_wconf 89' lang='lat' dir='ltr'>eiusdem</span> <span class='ocrx_word' id='word_1_168' title='bbox 1033 2408 1164 2472; x_wconf 86' lang='lat' dir='ltr'>prorsus</span> <span class='ocrx_word' id='word_1_169' title='bbox 1193 2394 1242 2452; x_wconf 86' lang='lat' dir='ltr'>est</span> <span class='ocrx_word' id='word_1_170' title='bbox 1272 2385 1379 2469; x_wconf 79' lang='lat' dir='ltr'>stirpis</span> <span class='ocrx_word' id='word_1_171' title='bbox 1405 2404 1444 2449; x_wconf 91' lang='lat' dir='ltr'>ac</span> <span class='ocrx_word' id='word_1_172' title='bbox 1465 2383 1554 2448; x_wconf 92' lang='lat' dir='ltr'>Man·</span> 
     </span>
     <span class='ocr_line' id='line_1_19' title="bbox 205 2513 329 2571; baseline 0.008 -1"><span class='ocrx_word' id='word_1_173' title='bbox 205 2513 329 2571; x_wconf 85' lang='lat' dir='ltr'>tuauua</span> 
     </span>
    </p>

    <p class='ocr_par' dir='ltr' id='par_1_5' title="bbox 110 2622 1588 4139">
     <span class='ocr_line' id='line_1_20' title="bbox 163 2622 1555 2715; baseline -0.004 -24"><span class='ocrx_word' id='word_1_174' title='bbox 163 2708 169 2715; x_wconf 28' lang='grc' dir='ltr'>Ι</span> <span class='ocrx_word' id='word_1_175' title='bbox 284 2625 448 2691; x_wconf 77' lang='lat' dir='ltr'>Hactenus</span> <span class='ocrx_word' id='word_1_176' title='bbox 481 2623 522 2688; x_wconf 87' lang='lat' dir='ltr'>de</span> <span class='ocrx_word' id='word_1_177' title='bbox 556 2624 728 2690; x_wconf 81' lang='lat' dir='ltr'>codicibus.</span> <span class='ocrx_word' id='word_1_178' title='bbox 772 2646 857 2689; x_wconf 93' lang='lat' dir='ltr'>nunc</span> <span class='ocrx_word' id='word_1_179' title='bbox 890 2626 931 2690; x_wconf 93' lang='lat' dir='ltr'>de</span> <span class='ocrx_word' id='word_1_180' title='bbox 963 2625 1228 2710; x_wconf 81' lang='lat' dir='ltr'>interpretatione</span> <span class='ocrx_word' id='word_1_181' title='bbox 1261 2644 1365 2708; x_wconf 87' lang='lat' dir='ltr'>pauca</span> <span class='ocrx_word' id='word_1_182' title='bbox 1397 2631 1430 2688; x_wconf 90' lang='lat' dir='ltr'>et</span> <span class='ocrx_word' id='word_1_183' title='bbox 1461 2622 1555 2688; x_wconf 90' lang='lat' dir='ltr'>inter·</span> 
     </span>
     <span class='ocr_line' id='line_1_21' title="bbox 110 2742 1555 2830; baseline -0.002 -21"><span class='ocrx_word' id='word_1_184' title='bbox 110 2812 113 2819; x_wconf 78' lang='grc'>,</span> <span class='ocrx_word' id='word_1_185' title='bbox 203 2751 305 2830; x_wconf 85' lang='lat' dir='ltr'>prete;</span> <span class='ocrx_word' id='word_1_186' title='bbox 342 2764 436 2827; x_wconf 85' lang='lat' dir='ltr'>quem</span> <span class='ocrx_word' id='word_1_187' title='bbox 466 2743 688 2815; x_wconf 80' lang='lat' dir='ltr'>Carolidarum</span> <span class='ocrx_word' id='word_1_188' title='bbox 716 2752 824 2810; x_wconf 88' lang='lat' dir='ltr'>aetate</span> <span class='ocrx_word' id='word_1_189' title='bbox 852 2742 1007 2825; x_wconf 85' lang='lat' dir='ltr'>floruisse,</span> <span class='ocrx_word' id='word_1_190' title='bbox 1042 2745 1156 2810; x_wconf 86' lang='lat' dir='ltr'>studiis</span> <span class='ocrx_word' id='word_1_191' title='bbox 1186 2764 1225 2810; x_wconf 89' lang='lat' dir='ltr'>ea</span> <span class='ocrx_word' id='word_1_192' title='bbox 1248 2745 1445 2810; x_wconf 81' lang='lat' dir='ltr'>Graecarum</span> <span class='ocrx_word' id='word_1_193' title='bbox 1474 2743 1555 2808; x_wconf 91' lang='lat' dir='ltr'>litte-</span> 
     </span>
     <span class='ocr_line' id='line_1_22' title="bbox 204 2861 1588 2947; baseline -0.002 -19"><span class='ocrx_word' id='word_1_194' title='bbox 204 2883 309 2928; x_wconf 90' lang='lat' dir='ltr'>rarum</span> <span class='ocrx_word' id='word_1_195' title='bbox 347 2863 438 2946; x_wconf 87' lang='lat' dir='ltr'>quasi</span> <span class='ocrx_word' id='word_1_196' title='bbox 476 2862 717 2929; x_wconf 83' lang='lat' dir='ltr'>renascentibus</span> <span class='ocrx_word' id='word_1_197' title='bbox 752 2863 884 2947; x_wconf 86' lang='lat' dir='ltr'>illustri,</span> <span class='ocrx_word' id='word_1_198' title='bbox 922 2861 1031 2947; x_wconf 93' lang='lat' dir='ltr'>opinio</span> <span class='ocrx_word' id='word_1_199' title='bbox 1065 2869 1114 2928; x_wconf 91' lang='grc' dir='ltr'>θεῖ</span> <span class='ocrx_word' id='word_1_200' title='bbox 1147 2862 1335 2947; x_wconf 85' lang='lat' dir='ltr'>probabilis,</span> <span class='ocrx_word' id='word_1_201' title='bbox 1372 2872 1588 2947; x_wconf 77' lang='lat' dir='ltr'>quanquam‘</span> 
     </span>
     <span class='ocr_line' id='line_1_23' title="bbox 204 2980 1556 3066; baseline 0 -20"><span class='ocrx_word' id='word_1_202' title='bbox 204 2980 407 3060; x_wconf 81' lang='lat' dir='ltr'>Quichcratio</span> <span class='ocrx_word' id='word_1_203' title='bbox 437 2983 489 3047; x_wconf 86' lang='lat' dir='ltr'>vix</span> <span class='ocrx_word' id='word_1_204' title='bbox 522 2983 682 3048; x_wconf 88' lang='lat' dir='ltr'>assentior</span> <span class='ocrx_word' id='word_1_205' title='bbox 715 2982 890 3066; x_wconf 90' lang='lat' dir='ltr'>suspicanti</span> <span class='ocrx_word' id='word_1_206' title='bbox 918 2981 960 3046; x_wconf 92' lang='lat' dir='ltr'>ab</span> <span class='ocrx_word' id='word_1_207' title='bbox 990 2981 1059 3065; x_wconf 91' lang='lat' dir='ltr'>ipsc</span> <span class='ocrx_word' id='word_1_208' title='bbox 1094 2980 1217 3048; x_wconf 91' lang='lat' dir='ltr'>Ioanne</span> <span class='ocrx_word' id='word_1_209' title='bbox 1244 2982 1339 3048; x_wconf 86' lang='lat' dir='ltr'>Scoto</span> <span class='ocrx_word' id='word_1_210' title='bbox 1368 2982 1556 3065; x_wconf 86' lang='lat' dir='ltr'>interpreta-</span> 
     </span>
     <span class='ocr_line' id='line_1_24' title="bbox 204 3100 1555 3185; baseline -0.001 -19"><span class='ocrx_word' id='word_1_211' title='bbox 204 3101 322 3167; x_wconf 89' lang='lat' dir='ltr'>tionem</span> <span class='ocrx_word' id='word_1_212' title='bbox 345 3122 417 3168; x_wconf 85' lang='lat' dir='ltr'>essc</span> <span class='ocrx_word' id='word_1_213' title='bbox 440 3101 627 3167; x_wconf 90' lang='lat' dir='ltr'>conlectam.</span> <span class='ocrx_word' id='word_1_214' title='bbox 672 3101 767 3165; x_wconf 90' lang='lat' dir='ltr'>nimis</span> <span class='ocrx_word' id='word_1_215' title='bbox 789 3101 925 3166; x_wconf 88' lang='lat' dir='ltr'>barbare</span> <span class='ocrx_word' id='word_1_216' title='bbox 948 3100 1032 3166; x_wconf 91' lang='lat' dir='ltr'>enim</span> <span class='ocrx_word' id='word_1_217' title='bbox 1055 3102 1213 3185; x_wconf 89' lang='lat' dir='ltr'>interpres</span> <span class='ocrx_word' id='word_1_218' title='bbox 1236 3101 1386 3184; x_wconf 82' lang='lat' dir='ltr'>loquitur,</span> <span class='ocrx_word' id='word_1_219' title='bbox 1413 3100 1555 3184; x_wconf 89' lang='lat' dir='ltr'>quisquis</span> 
     </span>
     <span class='ocr_line' id='line_1_25' title="bbox 203 3218 1556 3304; baseline -0.001 -21"><span class='ocrx_word' id='word_1_220' title='bbox 203 3220 231 3286; x_wconf 88' lang='lat' dir='ltr'>is</span> <span class='ocrx_word' id='word_1_221' title='bbox 253 3220 322 3303; x_wconf 80' lang='lat' dir='ltr'>luit,</span> <span class='ocrx_word' id='word_1_222' title='bbox 346 3229 378 3286; x_wconf 89' lang='lat' dir='ltr'>et</span> <span class='ocrx_word' id='word_1_223' title='bbox 394 3221 518 3287; x_wconf 84' lang='lat' dir='ltr'>Graece</span> <span class='ocrx_word' id='word_1_224' title='bbox 538 3241 610 3286; x_wconf 91' lang='lat' dir='ltr'>eum</span> <span class='ocrx_word' id='word_1_225' title='bbox 634 3239 745 3304; x_wconf 91' lang='lat' dir='ltr'>parum</span> <span class='ocrx_word' id='word_1_226' title='bbox 762 3219 895 3286; x_wconf 83' lang='lat' dir='ltr'>scivisse</span> <span class='ocrx_word' id='word_1_227' title='bbox 917 3228 1053 3304; x_wconf 89' lang='lat' dir='ltr'>apparet</span> <span class='ocrx_word' id='word_1_228' title='bbox 1070 3220 1171 3286; x_wconf 89' lang='lat' dir='ltr'>sicubi</span> <span class='ocrx_word' id='word_1_229' title='bbox 1193 3221 1254 3285; x_wconf 94' lang='lat' dir='ltr'>loci</span> <span class='ocrx_word' id='word_1_230' title='bbox 1278 3219 1479 3285; x_wconf 87' lang='lat' dir='ltr'>aPrisciano</span> <span class='ocrx_word' id='word_1_231' title='bbox 1502 3218 1556 3283; x_wconf 90' lang='lat' dir='ltr'>ad-</span> 
     </span>
     <span class='ocr_line' id='line_1_26' title="bbox 204 3338 1554 3423; baseline -0.001 -20"><span class='ocrx_word' id='word_1_232' title='bbox 204 3339 294 3404; x_wconf 93' lang='lat' dir='ltr'>hibiti</span> <span class='ocrx_word' id='word_1_233' title='bbox 316 3340 410 3406; x_wconf 91' lang='lat' dir='ltr'>nobis</span> <span class='ocrx_word' id='word_1_234' title='bbox 432 3361 559 3423; x_wconf 90' lang='lat' dir='ltr'>quoque</span> <span class='ocrx_word' id='word_1_235' title='bbox 581 3341 706 3406; x_wconf 84' lang='lat' dir='ltr'>Graece</span> <span class='ocrx_word' id='word_1_236' title='bbox 729 3347 842 3406; x_wconf 86' lang='lat' dir='ltr'>extant</span> <span class='ocrx_word' id='word_1_237' title='bbox 874 3359 954 3421; x_wconf 92' lang='lat' dir='ltr'>quos</span> <span class='ocrx_word' id='word_1_238' title='bbox 977 3360 1048 3405; x_wconf 88' lang='lat' dir='ltr'>cum</span> <span class='ocrx_word' id='word_1_239' title='bbox 1070 3339 1218 3406; x_wconf 88' lang='lat' dir='ltr'>versione</span> <span class='ocrx_word' id='word_1_240' title='bbox 1241 3338 1451 3403; x_wconf 87' lang='lat' dir='ltr'>conseramus.</span> <span class='ocrx_word' id='word_1_241' title='bbox 1497 3338 1554 3402; x_wconf 85' lang='lat' dir='ltr'>sed</span> 
     </span>
     <span class='ocr_line' id='line_1_27' title="bbox 205 3457 1553 3544; baseline -0.001 -23"><span class='ocrx_word' id='word_1_242' title='bbox 205 3479 269 3522; x_wconf 92' lang='lat' dir='ltr'>non</span> <span class='ocrx_word' id='word_1_243' title='bbox 293 3458 401 3523; x_wconf 89' lang='lat' dir='ltr'>omnia</span> <span class='ocrx_word' id='word_1_244' title='bbox 423 3480 505 3542; x_wconf 87' lang='lat' dir='ltr'>quae</span> <span class='ocrx_word' id='word_1_245' title='bbox 528 3460 560 3524; x_wconf 96' lang='lat' dir='ltr'>in</span> <span class='ocrx_word' id='word_1_246' title='bbox 594 3459 859 3544; x_wconf 86' lang='lat' dir='ltr'>interpretatione</span> <span class='ocrx_word' id='word_1_247' title='bbox 889 3480 1057 3544; x_wconf 89' lang='lat' dir='ltr'>perperam</span> <span class='ocrx_word' id='word_1_248' title='bbox 1081 3459 1167 3525; x_wconf 91' lang='lat' dir='ltr'>dicta</span> <span class='ocrx_word' id='word_1_249' title='bbox 1192 3465 1266 3523; x_wconf 91' lang='lat' dir='ltr'>suut</span> <span class='ocrx_word' id='word_1_250' title='bbox 1298 3457 1360 3541; x_wconf 89' lang='lat' dir='ltr'>ipsi</span> <span class='ocrx_word' id='word_1_251' title='bbox 1388 3457 1553 3540; x_wconf 86' lang='lat' dir='ltr'>interpreti</span> 
     </span>
     <span class='ocr_line' id='line_1_28' title="bbox 203 3574 1555 3662; baseline -0.003 -20"><span class='ocrx_word' id='word_1_252' title='bbox 203 3577 396 3660; x_wconf 79' lang='lat' dir='ltr'>attribuer-is,</span> <span class='ocrx_word' id='word_1_253' title='bbox 431 3577 550 3662; x_wconf 89' lang='lat' dir='ltr'>quippe</span> <span class='ocrx_word' id='word_1_254' title='bbox 580 3579 633 3662; x_wconf 94' lang='lat' dir='ltr'>qui</span> <span class='ocrx_word' id='word_1_255' title='bbox 666 3579 699 3643; x_wconf 93' lang='lat' dir='ltr'>in</span> <span class='ocrx_word' id='word_1_256' title='bbox 723 3578 847 3644; x_wconf 88' lang='lat' dir='ltr'>Graeco</span> <span class='ocrx_word' id='word_1_257' title='bbox 882 3599 944 3662; x_wconf 92' lang='lat' dir='ltr'>quo</span> <span class='ocrx_word' id='word_1_258' title='bbox 972 3599 1048 3643; x_wconf 89' lang='lat' dir='ltr'>usus</span> <span class='ocrx_word' id='word_1_259' title='bbox 1081 3585 1130 3644; x_wconf 89' lang='lat' dir='ltr'>est</span> <span class='ocrx_word' id='word_1_260' title='bbox 1157 3579 1335 3662; x_wconf 81' lang='lat' dir='ltr'>exemplari</span> <span class='ocrx_word' id='word_1_261' title='bbox 1370 3578 1470 3641; x_wconf 91' lang='lat' dir='ltr'>multa</span> <span class='ocrx_word' id='word_1_262' title='bbox 1491 3574 1555 3639; x_wconf 87' lang='lat' dir='ltr'>iam</span> 
     </span>
     <span class='ocr_line' id='line_1_29' title="bbox 204 3694 1555 3784; baseline -0.004 -22"><span class='ocrx_word' id='word_1_263' title='bbox 204 3705 351 3781; x_wconf 81' lang='lat' dir='ltr'>corrupta</span> <span class='ocrx_word' id='word_1_264' title='bbox 372 3697 558 3780; x_wconf 81' lang='lat' dir='ltr'>invenisset,</span> <span class='ocrx_word' id='word_1_265' title='bbox 592 3697 691 3763; x_wconf 86' lang='lat' dir='ltr'>veluti</span> <span class='ocrx_word' id='word_1_266' title='bbox 711 3697 846 3784; x_wconf 72' lang='grc' dir='ltr'>Ἀλβίνου</span> <span class='ocrx_word' id='word_1_267' title='bbox 875 3698 907 3763; x_wconf 87' lang='lat' dir='ltr'>in</span> <span class='ocrx_word' id='word_1_268' title='bbox 930 3699 1065 3775; x_wconf 81' lang='grc' dir='ltr'>Λαυίνευ,</span> <span class='ocrx_word' id='word_1_269' title='bbox 1099 3694 1250 3760; x_wconf 80' lang='grc' dir='ltr'>Κυδωνίαν</span> <span class='ocrx_word' id='word_1_270' title='bbox 1279 3697 1311 3761; x_wconf 88' lang='lat' dir='ltr'>iu</span> <span class='ocrx_word' id='word_1_271' title='bbox 1335 3694 1497 3769; x_wconf 73' lang='lat' dir='ltr'>Kolarina,</span> <span class='ocrx_word' id='word_1_272' title='bbox 1524 3695 1555 3757; x_wconf 84' lang='grc' dir='ltr'>ἐν</span> 
     </span>
     <span class='ocr_line' id='line_1_30' title="bbox 203 3815 1556 3902; baseline -0.001 -22"><span class='ocrx_word' id='word_1_273' title='bbox 203 3821 259 3887; x_wconf 80' lang='grc' dir='ltr'>τοῖς</span> <span class='ocrx_word' id='word_1_274' title='bbox 282 3818 341 3880; x_wconf 83' lang='grc' dir='ltr'>ὠσί</span> <span class='ocrx_word' id='word_1_275' title='bbox 360 3815 392 3880; x_wconf 93' lang='lat' dir='ltr'>in</span> <span class='ocrx_word' id='word_1_276' title='bbox 419 3816 449 3879; x_wconf 79' lang='grc' dir='ltr'>ἐν</span> <span class='ocrx_word' id='word_1_277' title='bbox 472 3821 531 3885; x_wconf 77' lang='grc' dir='ltr'>τοῖς</span> <span class='ocrx_word' id='word_1_278' title='bbox 554 3821 678 3900; x_wconf 74' lang='grc' dir='ltr'>σώμασι,</span> <span class='ocrx_word' id='word_1_279' title='bbox 714 3818 841 3902; x_wconf 76' lang='grc' dir='ltr'>σύντηξις</span> <span class='ocrx_word' id='word_1_280' title='bbox 874 3817 906 3881; x_wconf 91' lang='lat' dir='ltr'>iu</span> <span class='ocrx_word' id='word_1_281' title='bbox 935 3818 1074 3902; x_wconf 78' lang='grc' dir='ltr'>σύλληψις</span> <span class='ocrx_word' id='word_1_282' title='bbox 1096 3816 1288 3898; x_wconf 81' lang='lat' dir='ltr'>depravata:</span> <span class='ocrx_word' id='word_1_283' title='bbox 1322 3815 1435 3898; x_wconf 86' lang='lat' dir='ltr'>quibus</span> <span class='ocrx_word' id='word_1_284' title='bbox 1468 3815 1556 3879; x_wconf 89' lang='lat' dir='ltr'>aliud</span> 
     </span>
     <span class='ocr_line' id='line_1_31' title="bbox 204 3934 1555 4020; baseline 0 -21"><span class='ocrx_word' id='word_1_285' title='bbox 204 3935 343 4001; x_wconf 90' lang='lat' dir='ltr'>ioculare</span> <span class='ocrx_word' id='word_1_286' title='bbox 365 3935 444 4000; x_wconf 89' lang='lat' dir='ltr'>illud</span> <span class='ocrx_word' id='word_1_287' title='bbox 467 3936 596 4020; x_wconf 90' lang='lat' dir='ltr'>quidem</span> <span class='ocrx_word' id='word_1_288' title='bbox 612 3936 853 4020; x_wconf 88' lang='lat' dir='ltr'>depravationis</span> <span class='ocrx_word' id='word_1_289' title='bbox 873 3936 1054 4019; x_wconf 80' lang='lat' dir='ltr'>exemplum</span> <span class='ocrx_word' id='word_1_290' title='bbox 1076 3934 1160 3999; x_wconf 89' lang='lat' dir='ltr'>addo</span> <span class='ocrx_word' id='word_1_291' title='bbox 1180 3956 1220 4002; x_wconf 85' lang='lat' dir='ltr'>err</span> <span class='ocrx_word' id='word_1_292' title='bbox 1242 3935 1281 3999; x_wconf 91' lang='lat' dir='ltr'>iis</span> <span class='ocrx_word' id='word_1_293' title='bbox 1304 3954 1386 4018; x_wconf 89' lang='lat' dir='ltr'>quae</span> <span class='ocrx_word' id='word_1_294' title='bbox 1403 3934 1481 4018; x_wconf 84' lang='lat' dir='ltr'>Cap.</span> <span class='ocrx_word' id='word_1_295' title='bbox 1498 3935 1555 3999; x_wconf 89' lang='lat' dir='ltr'>IX.</span> 
     </span>
     <span class='ocr_line' id='line_1_32' title="bbox 204 4054 1557 4139; baseline -0.003 -19"><span class='ocrx_word' id='word_1_296' title='bbox 204 4054 242 4120; x_wconf 92' lang='lat' dir='ltr'>de</span> <span class='ocrx_word' id='word_1_297' title='bbox 264 4062 416 4137; x_wconf 90' lang='lat' dir='ltr'>serpente</span> <span class='ocrx_word' id='word_1_298' title='bbox 438 4055 578 4139; x_wconf 91' lang='lat' dir='ltr'>quodam</span> <span class='ocrx_word' id='word_1_299' title='bbox 607 4055 728 4120; x_wconf 84' lang='lat' dir='ltr'>exitiali</span> <span class='ocrx_word' id='word_1_300' title='bbox 763 4055 950 4137; x_wconf 80' lang='lat' dir='ltr'>produntur,</span> <span class='ocrx_word' id='word_1_301' title='bbox 983 4077 1045 4119; x_wconf 80' lang='lat' dir='ltr'>coo</span> <span class='ocrx_word' id='word_1_302' title='bbox 1066 4056 1165 4119; x_wconf 81' lang='lat' dir='ltr'>sclam</span> <span class='ocrx_word' id='word_1_303' title='bbox 1185 4057 1214 4117; x_wconf 78' lang='lat' dir='ltr'>si</span> <span class='ocrx_word' id='word_1_304' title='bbox 1234 4054 1372 4117; x_wconf 82' lang='lat' dir='ltr'>mordeat</span> <span class='ocrx_word' id='word_1_305' title='bbox 1392 4055 1443 4117; x_wconf 82' lang='lat' dir='ltr'>sod</span> <span class='ocrx_word' id='word_1_306' title='bbox 1463 4057 1557 4117; x_wconf 82' lang='lat' dir='ltr'>etiam</span> 
     </span>
    </p>
   </div>
   <div class='ocr_carea' id='block_1_3' title="bbox 204 4148 1555 4257">
    <p class='ocr_par' dir='ltr' id='par_1_6' title="bbox 204 4148 1555 4257">
     <span class='ocr_line' id='line_1_33' title="bbox 204 4148 1555 4257; baseline 0 -22"><span class='ocrx_word' id='word_1_307' title='bbox 204 4173 236 4235; x_wconf 81' lang='lat' dir='ltr'>ic</span> <span class='ocrx_word' id='word_1_308' title='bbox 257 4183 341 4236; x_wconf 79' lang='lat' dir='ltr'>terra</span> <span class='ocrx_word' id='word_1_309' title='bbox 368 4148 486 4238; x_wconf 68' lang='lat' dir='ltr'>ediliter</span> <span class='ocrx_word' id='word_1_310' title='bbox 512 4175 670 4255; x_wconf 71' lang='lat' dir='ltr'>interimit,</span> <span class='ocrx_word' id='word_1_311' title='bbox 707 4173 863 4256; x_wconf 85' lang='lat' dir='ltr'>siquidem</span> <span class='ocrx_word' id='word_1_312' title='bbox 890 4173 1006 4238; x_wconf 90' lang='lat' dir='ltr'>Latino</span> <span class='ocrx_word' id='word_1_313' title='bbox 1039 4175 1074 4236; x_wconf 78' lang='lat' dir='ltr'>ic</span> <span class='ocrx_word' id='word_1_314' title='bbox 1105 4185 1187 4237; x_wconf 83' lang='lat' dir='ltr'>terro</span> <span class='ocrx_word' id='word_1_315' title='bbox 1209 4173 1367 4238; x_wconf 84' lang='lat' dir='ltr'>Graecum</span> <span class='ocrx_word' id='word_1_316' title='bbox 1395 4173 1425 4235; x_wconf 82' lang='grc' dir='ltr'>ἐν</span> <span class='ocrx_word' id='word_1_317' title='bbox 1452 4179 1489 4257; x_wconf 75' lang='grc' dir='ltr'>τῇ</span> <span class='ocrx_word' id='word_1_318' title='bbox 1516 4178 1555 4256; x_wconf 75' lang='grc' dir='ltr'>γῇ</span> 
     </span>
    </p>
   </div>
   <div class='ocr_carea' id='block_1_4' title="bbox 202 4291 1557 4989">
    <p class='ocr_par' dir='ltr' id='par_1_7' title="bbox 204 4291 1556 4493">
     <span class='ocr_line' id='line_1_34' title="bbox 204 4291 1556 4378; baseline -0.001 -23"><span class='ocrx_word' id='word_1_319' title='bbox 204 4292 324 4374; x_wconf 88' lang='lat' dir='ltr'>subest,</span> <span class='ocrx_word' id='word_1_320' title='bbox 358 4293 389 4356; x_wconf 85' lang='grc' dir='ltr'>ἐν</span> <span class='ocrx_word' id='word_1_321' title='bbox 411 4298 449 4378; x_wconf 77' lang='grc' dir='ltr'>τῇ</span> <span class='ocrx_word' id='word_1_322' title='bbox 471 4299 510 4377; x_wconf 68' lang='grc' dir='ltr'>γῇ</span> <span class='ocrx_word' id='word_1_323' title='bbox 544 4301 651 4359; x_wconf 91' lang='lat' dir='ltr'>autem</span> <span class='ocrx_word' id='word_1_324' title='bbox 680 4313 720 4358; x_wconf 82' lang='lat' dir='ltr'>ex</span> <span class='ocrx_word' id='word_1_325' title='bbox 751 4294 802 4357; x_wconf 80' lang='grc' dir='ltr'>ἐὰν</span> <span class='ocrx_word' id='word_1_326' title='bbox 831 4294 896 4378; x_wconf 71' lang='grc' dir='ltr'>θίγῃ</span> <span class='ocrx_word' id='word_1_327' title='bbox 924 4293 1103 4377; x_wconf 87' lang='lat' dir='ltr'>depravato</span> <span class='ocrx_word' id='word_1_328' title='bbox 1131 4291 1284 4374; x_wconf 83' lang='lat' dir='ltr'>originem</span> <span class='ocrx_word' id='word_1_329' title='bbox 1313 4291 1404 4355; x_wconf 88' lang='lat' dir='ltr'>duxit</span> <span class='ocrx_word' id='word_1_330' title='bbox 1437 4291 1489 4375; x_wconf 80' lang='lat' dir='ltr'>(cl.</span> <span class='ocrx_word' id='word_1_331' title='bbox 1513 4291 1556 4354; x_wconf 87' lang='lat' dir='ltr'>ad</span> 
     </span>
     <span class='ocr_line' id='line_1_35' title="bbox 205 4412 365 4493; baseline 0.006 -18"><span class='ocrx_word' id='word_1_332' title='bbox 205 4412 365 4493; x_wconf 76' lang='lat' dir='ltr'>p.-97,11)</span> 
     </span>
    </p>

    <p class='ocr_par' dir='ltr' id='par_1_8' title="bbox 202 4527 1557 4989">
     <span class='ocr_line' id='line_1_36' title="bbox 286 4527 1557 4626; baseline -0.002 -32"><span class='ocrx_word' id='word_1_333' title='bbox 286 4529 380 4608; x_wconf 84' lang='lat' dir='ltr'>Quod</span> <span class='ocrx_word' id='word_1_334' title='bbox 402 4532 445 4597; x_wconf 89' lang='lat' dir='ltr'>ad</span> <span class='ocrx_word' id='word_1_335' title='bbox 467 4532 572 4615; x_wconf 91' lang='lat' dir='ltr'>ipsum</span> <span class='ocrx_word' id='word_1_336' title='bbox 588 4533 785 4626; x_wconf 70' lang='lat' dir='ltr'>Priscianum</span> <span class='ocrx_word' id='word_1_337' title='bbox 809 4531 942 4614; x_wconf 90' lang='lat' dir='ltr'>adtinet,</span> <span class='ocrx_word' id='word_1_338' title='bbox 965 4529 1094 4596; x_wconf 83' lang='lat' dir='ltr'>difficile</span> <span class='ocrx_word' id='word_1_339' title='bbox 1117 4531 1214 4597; x_wconf 90' lang='lat' dir='ltr'>hodie</span> <span class='ocrx_word' id='word_1_340' title='bbox 1236 4530 1323 4595; x_wconf 89' lang='lat' dir='ltr'>dictu</span> <span class='ocrx_word' id='word_1_341' title='bbox 1346 4537 1404 4613; x_wconf 84' lang='lat' dir='ltr'>est,</span> <span class='ocrx_word' id='word_1_342' title='bbox 1428 4549 1468 4594; x_wconf 85' lang='lat' dir='ltr'>ex</span> <span class='ocrx_word' id='word_1_343' title='bbox 1490 4527 1557 4609; x_wconf 90' lang='lat' dir='ltr'>qui·</span> 
     </span>
     <span class='ocr_line' id='line_1_37' title="bbox 204 4628 1556 4733; baseline -0.001 -20"><span class='ocrx_word' id='word_1_344' title='bbox 204 4648 260 4714; x_wconf 89' lang='lat' dir='ltr'>bus</span> <span class='ocrx_word' id='word_1_345' title='bbox 291 4650 434 4716; x_wconf 85' lang='lat' dir='ltr'>fontibus</span> <span class='ocrx_word' id='word_1_346' title='bbox 466 4652 499 4715; x_wconf 93' lang='lat' dir='ltr'>in</span> <span class='ocrx_word' id='word_1_347' title='bbox 533 4651 594 4716; x_wconf 92' lang='lat' dir='ltr'>hoc</span> <span class='ocrx_word' id='word_1_348' title='bbox 621 4652 822 4717; x_wconf 86' lang='lat' dir='ltr'>Solutionum</span> <span class='ocrx_word' id='word_1_349' title='bbox 856 4649 937 4716; x_wconf 92' lang='lat' dir='ltr'>libro</span> <span class='ocrx_word' id='word_1_350' title='bbox 972 4628 1123 4715; x_wconf 78' lang='lat' dir='ltr'>liauserit.</span> <span class='ocrx_word' id='word_1_351' title='bbox 1173 4650 1226 4733; x_wconf 91' lang='lat' dir='ltr'>qui</span> <span class='ocrx_word' id='word_1_352' title='bbox 1261 4649 1287 4714; x_wconf 92' lang='lat' dir='ltr'>si</span> <span class='ocrx_word' id='word_1_353' title='bbox 1304 4649 1352 4718; x_wconf 88' lang='lat' dir='ltr'>in</span> <span class='ocrx_word' id='word_1_354' title='bbox 1386 4646 1556 4713; x_wconf 91' lang='lat' dir='ltr'>Prooemio</span> 
     </span>
     <span class='ocr_line' id='line_1_38' title="bbox 203 4766 1556 4854; baseline -0.002 -22"><span class='ocrx_word' id='word_1_355' title='bbox 203 4769 438 4836; x_wconf 88' lang='lat' dir='ltr'>multitudinem</span> <span class='ocrx_word' id='word_1_356' title='bbox 475 4776 597 4834; x_wconf 91' lang='lat' dir='ltr'>tantam</span> <span class='ocrx_word' id='word_1_357' title='bbox 636 4771 826 4854; x_wconf 90' lang='lat' dir='ltr'>scriptorum</span> <span class='ocrx_word' id='word_1_358' title='bbox 866 4788 887 4833; x_wconf 94' lang='lat' dir='ltr'>a</span> <span class='ocrx_word' id='word_1_359' title='bbox 923 4788 958 4834; x_wconf 85' lang='lat' dir='ltr'>sc</span> <span class='ocrx_word' id='word_1_360' title='bbox 994 4768 1208 4833; x_wconf 85' lang='lat' dir='ltr'>adhibitorum</span> <span class='ocrx_word' id='word_1_361' title='bbox 1246 4774 1401 4850; x_wconf 86' lang='lat' dir='ltr'>ostentat,</span> <span class='ocrx_word' id='word_1_362' title='bbox 1444 4766 1556 4830; x_wconf 91' lang='lat' dir='ltr'>borum</span> 
     </span>
     <span class='ocr_line' id='line_1_39' title="bbox 202 4884 1556 4989; baseline -0.001 -38"><span class='ocrx_word' id='word_1_363' title='bbox 202 4894 307 4953; x_wconf 88' lang='lat' dir='ltr'>tamen</span> <span class='ocrx_word' id='word_1_364' title='bbox 352 4887 406 4989; x_wconf 77' lang='lat' dir='ltr'>¹viu</span> <span class='ocrx_word' id='word_1_365' title='bbox 451 4888 614 4953; x_wconf 89' lang='lat' dir='ltr'>dimidiam</span> <span class='ocrx_word' id='word_1_366' title='bbox 659 4897 782 4973; x_wconf 89' lang='lat' dir='ltr'>partem</span> <span class='ocrx_word' id='word_1_367' title='bbox 827 4888 860 4952; x_wconf 89' lang='lat' dir='ltr'>in</span> <span class='ocrx_word' id='word_1_368' title='bbox 905 4887 1050 4953; x_wconf 85' lang='lat' dir='ltr'>manibus</span> <span class='ocrx_word' id='word_1_369' title='bbox 1095 4886 1123 4952; x_wconf 93' lang='lat' dir='ltr'>ei</span> <span class='ocrx_word' id='word_1_370' title='bbox 1166 4887 1309 4952; x_wconf 87' lang='lat' dir='ltr'>adfuisse</span> <span class='ocrx_word' id='word_1_371' title='bbox 1353 4884 1556 4952; x_wconf 87' lang='lat' dir='ltr'>crediderim:</span> 
     </span>
    </p>
   </div>
   <div class='ocr_carea' id='block_1_5' title="bbox 0 0 1769 5610">
    <p class='ocr_par' dir='ltr' id='par_1_9' title="bbox 0 0 1769 5610">
     <span class='ocr_line' id='line_1_40' title="bbox 0 0 1769 5610; baseline 0 0"><span class='ocrx_word' id='word_1_372' title='bbox 0 0 1769 5610; x_wconf 95' lang='lat' dir='ltr'> </span> 
     </span>
    </p>
   </div>
  </div>
 </body>
</html>
