3510 5610
267 292 309 355 88
423 292 674 347 Arrisrorlrrriis
693 294 875 347 ilisrorrriss
896 295 1088 349 ‚xxiii-rhium
1107 296 1255 350 Erlrorrri
1274 298 1295 349 11
1315 296 1463 351 *ris-234

406 466 499 550 (228)
534 465 665 533 Γέλωνος
691 469 742 529 τού
764 465 961 552 Συρακουσίου
987 470 1089 538 παιδὸς
1112 468 1193 538 ύντος
1213 470 1300 539 λύκος
1321 470 1454 553 μέγιστος
1474 472 1573 555 εἰσπη-

323 569 415 650 δήσας
441 570 482 637 εἰς
509 570 541 631 τὸ
568 570 766 632 διδασκαλεῖον
793 568 937 653 ἐξήρπασε
963 575 1021 633 τῶν
1047 576 1154 655 χειρῶν
1180 575 1241 641 τοῖς
1263 572 1363 637 ὀδοῦσι
1388 574 1439 657 τήν
1462 574 1571 649 δέλτον,

323 672 371 732 καὶ
394 672 410 733 ό
428 670 526 734 Γέλων
549 670 704 741 ἐξαναστὰς
725 675 776 734 τού
800 671 894 735 θάκου
916 673 1034 736 ἐδίωκεν
1056 672 1153 750 αὐτόν,
1175 674 1208 736 τδ
1224 674 1275 756 μὲν
1297 676 1398 761 θηρίον
1421 677 1462 759 μή
1485 699 1570 741 κατα-

321 772 443 856 πτήξας,
471 772 677 857 περιεχόμενος
703 775 735 837 δὲ
761 780 812 859 τῆς
838 775 939 838 δέλτου
967 777 1106 860 ἰσχυρῶς.
1149 775 1214 838 ἐπεὶ
1235 778 1268 839 δὲ
1288 776 1345 847 ἔξω
1367 782 1418 841 τοῦ
1440 780 1573 843 διδασκα·

294 874 398 938 σλείου
421 880 544 960 ἐγένετο,
567 881 599 943 τὸ
618 878 669 962 μὲν
687 877 854 962 κατηνέχθη
877 878 925 940 καὶ
939 878 1007 947 τούς
1021 880 1125 946 παῖδας
1139 878 1220 963 αὐτῷ
1238 880 1403 965 διδασκάλῳ
1419 880 1571 966 κατέλαβε,

324 980 390 1063 θείη
419 983 451 1044 δὲ
480 983 648 1067 προμηθείᾳ
677 982 693 1043 ύ
722 978 820 1043 Γέλων
850 979 962 1064 περιῄει
992 978 1091 1063 μόνος,
1119 982 1167 1043 καὶ
1196 979 1229 1043 τό
1255 1003 1289 1063 γε
1318 982 1492 1066 παράδοξον,
1520 984 1574 1046 οὐκ

322 1082 487 1147 ἀπέκτεινεν
503 1085 667 1169 ἄνθρωπον,
691 1082 749 1145 ἀλλ’
769 1080 864 1145 ἔσωσε
883 1082 979 1155 λύκος,
1001 1082 1054 1145 οὐκ
1069 1084 1269 1165 ἀτιμασάντων
1291 1089 1349 1147 τῶν
1373 1085 1450 1148 θεῶν
1465 1084 1488 1168 †
1503 1084 1572 1149 όσον

321 1184 405 1247 οὐδὲν
428 1187 475 1249 διά
497 1194 554 1250 τῶν
577 1186 690 1268 ἀλόγων
713 1190 755 1269 τῷ
773 1185 825 1266 μὲν
848 1184 899 1267 τὴν
923 1185 1067 1269 βασιλείαν
1090 1187 1287 1269 προδηλῶσαι,
1309 1189 1357 1251 τόν
1377 1189 1410 1251 δὲ
1430 1192 1482 1251 τού
1502 1186 1572 1269 μέλ-

323 1290 421 1357 λοντος
443 1290 576 1352 κινδύνου
600 1294 706 1354 σῶσαι·
741 1287 811 1350 ἴδιον
833 1287 866 1349 δὲ
888 1292 945 1350 τῶν
968 1285 1054 1373 ζῴων
1076 1288 1125 1350 καὶ
1146 1290 1179 1350 τδ
1202 1289 1345 1374 θεοφιλές.

286 1405 311 1448 10
408 1392 501 1474 (220)
535 1389 586 1475 Μὴ
611 1393 691 1473 λάθη
713 1390 745 1453 δέ
769 1411 801 1452 σε
824 1391 840 1452 δ
862 1393 948 1457 λύκος
972 1388 976 1471 i
1001 1390 1145 1473 μηδέποτε
1166 1393 1307 1474 προϊδεῖν,
1336 1393 1400 1456 ἐπεὶ
1421 1390 1627 1477 ἀφωνόνιαίει

325 1513 370 1555 σοι
392 1496 424 1556 τδ
449 1494 541 1579 στόμα
563 1496 609 1557 καὶ
634 1494 709 1576 μηδὲ
730 1490 857 1576 φθόγγον
880 1490 995 1575 ἀφιέναι
1016 1492 1081 1574 θείη
1104 1494 1269 1573 δυνάμενον.

407 1596 501 1679 (230)
535 1598 655 1679 Λέγεται
677 1600 745 1677 γοῦν
761 1597 802 1663 ὡς
816 1594 960 1678 πρόβατον
980 1595 1104 1678 άρπαγὲν
1128 1595 1177 1657 ὑπ’
1198 1596 1287 1659 αὐτού
1307 1596 1487 1681 αὐθαιρέτως
1506 1597 1573 1659 ἀκο-

323 1700 427 1761 λουθεῖ
446 1697 508 1762 οὔτ’
531 1700 629 1762 δδούσι
651 1697 824 1781 δακνόμενον
846 1696 912 1759 οὔτε
928 1696 1048 1778 στύματι
1069 1697 1275 1782 ἐφελκόμενον·
1303 1698 1363 1761 ἀλλ’
1383 1699 1468 1781 ήνύια
1490 1698 1516 1761 δ’
1537 1696 1573 1761 ἀν

328 1805 381 1883 τῆς
396 1802 518 1885 ποίμνης
541 1802 699 1885 ἀποκριθῇ,
722 1801 821 1863 ἕπεται
836 1799 1019 1884 αὐτομόλως’
1048 1801 1073 1863 εἰ
1096 1801 1129 1864 δέ
1150 1824 1205 1864 που
1229 1802 1277 1863 καὶ
1293 1802 1489 1884 ἀπειθήσειεν,
1511 1800 1572 1863 ἀλλ’

291 1902 401 1965 1οαύτύ
423 1911 459 1987 τῇ
483 1904 555 1988 οὐρᾷ
578 1903 722 1986 μαστίζων
745 1905 761 1967 ύ
783 1904 869 1972 λύκος
891 1904 954 1987 ἐλᾷ.

409 2006 503 2089 (231)
536 2004 710 2090 Βορώτατον
733 2005 830 2088 μέντοι
852 2003 920 2068 όντα
942 2008 990 2069 καὶ
1010 2012 1112 2089 φαγεῖν
1134 2006 1276 2089 άτοπυνή
1298 2005 1382 2090 φύσις
1399 2006 1489 2090 μέτρα
1510 2028 1574 2067 παι-

323 2108 400 2171 δεύει
426 2115 546 2194 τροφῇς.
589 2110 674 2191 ήνίκα
699 2109 753 2192 γὰρ
780 2109 918 2192 διακορὴς
943 2108 1059 2192 γένηται
1086 2110 1134 2171 καλ
1159 2108 1337 2193 ύποπλησθγ]
1363 2108 1415 2191 τἠν
1436 2106 1573 2191 γαστέρα,

326 2210 473 2279 ἐξοιδεῖται
496 2211 576 2296 αὐτῷ
601 2213 620 2293 i,
643 2214 761 2291 γλῶσσα
788 2210 836 2273 καλ
858 2212 925 2280 τοὺς
947 2216 999 2296 τῆς
1020 2216 1129 2295 τροφῆς
1150 2211 1349 2295 ἀποφράγνυσι
1370 2210 1489 2294 πόρους·
1524 2210 1573 2273 καὶ

326 2314 458 2397 τοιαύτην
482 2313 585 2398 ὑπέχει
607 2314 687 2396 δίκην
711 2313 873 2397 ἀδηφαγίας
895 2315 911 2376 ό
932 2314 1027 2382 λύκος.

284 2430 312 2472 20
409 2416 502 2499 (232)
529 2412 613 2478 Ἔστι
635 2416 668 2478 δὲ
689 2416 740 2498 τήν
762 2416 853 2498 ἀκοήν
875 2417 908 2479 τὸ
932 2420 1008 2501 ζηῖον
1031 2416 1174 2484 όξύτατον.
1219 2416 1299 2498 λύθη
1320 2416 1373 2499 γάρ
1396 2413 1482 2477 αὐτὸν
1505 2414 1574 2477 οὐδὲ

324 2516 505 2602 φαυλότατόν
521 2542 547 2580 τι
567 2522 660 2601 κνύμα
676 2517 796 2591 κτύπου,
817 2517 885 2581 οὐδὲ
902 2522 952 2580 τοῦ
968 2522 1060 2603 σηκοδ
1076 2542 1145 2582 ποτε
1160 2525 1218 2583 τῶν
1233 2520 1385 2603 προβάτων
1401 2515 1573 2585 ύπείιύντων

326 2621 346 2701 ή
370 2620 451 2703 βάσις
473 2620 559 2683 αὐτόν
582 2620 724 2705 διαφύγη,
751 2622 799 2683 καὶ
821 2621 972 2705 πορρωθέν
995 2644 1028 2703 γε
1050 2619 1127 2685 ὄντα.
1171 2623 1224 2705 τὴν
1246 2622 1375 2706 κεφαλὴν
1397 2619 1451 2703 γὰρ
1473 2624 1510 2701 τῇ
1533 2623 1573 2703 γῇ

324 2723 515 2805 προσερείδων
539 2727 618 2807 σαφῆ
642 2728 693 2806 τῆς
715 2722 831 2785 ἐκείνων
855 2724 969 2808 βληχῆς
990 2725 1043 2808 τὴν
1066 2723 1202 2807 αἴσθησιν
1225 2723 1387 2786 ὑπανέλκει.

409 2824 502 2908 (233)
534 2826 675 2907 Διοίγεται
698 2825 793 2908 μέντοι
815 2825 897 2912 αὐτῷ
921 2828 954 2889 τὸ
976 2826 1070 2911 στόμα
1096 2827 1149 2890 οὐκ
1171 2826 1311 2894 εὐπετῶς·
1347 2822 1408 2888 ἔστι
1433 2825 1487 2908 γάρ
1514 2829 1574 2892 τοῖς

285 2943 312 2987 25
327 2930 426 2991 όδοδσι
454 2926 690 3010 συνειλημμένον.
739 2926 803 2991 ἀλλ’
828 2929 912 3011 ήνίκα
939 2926 965 2993 δ’
991 2929 1025 2993 ἂν
1051 2930 1092 2999 εἰς
1119 2930 1213 3013 θήραν
1240 2929 1368 3013 χωροίη,
1396 2926 1477 3009 μόλις
1502 2926 1574 2989 αὐτό

326 3030 444 3102 διοίξας,
472 3032 605 3113 κεχηνὼς
631 3033 681 3091 τού
708 3032 809 3091 λοιποῦ
837 3030 965 3114 περιθέει
991 3034 1042 3116 τὴν
1066 3031 1164 3116 ἀγραν.
1263 3029 1356 3113 (234)
1385 3029 1462 3092 ούτω
1485 3028 1518 3091 δὲ
1540 3030 1574 3091 τδ

325 3134 425 3216 θηρίον
452 3131 696 3213 πεπολεμωμένον
725 3131 785 3195 ἐστὶ
812 3138 870 3201 τοῖς
897 3135 1065 3219 προβάτοις,
1093 3138 1133 3203 ὡς
1161 3134 1236 3218 μηδὲ
1258 3133 1377 3215 θανάτῳ
1399 3131 1469 3193 ποτὲ
1491 3130 1574 3194 σπέν-

273 3407 284 3457 l
298 3402 729 3473 Γέλωνος]ι1υ1.ιιαι.υιιὶω.Χ1111
742 3405 1044 3473 (p.318,4-161·1erch.)
1125 3406 1156 3457 10
1168 3406 1203 3476 μὴ
1217 3405 1295 3476 λύθη]
1305 3406 1418 3458 ’11ωοοκ
1429 3404 1629 3473 p.8‚101{aupt.

271 3511 327 3562 κιφ.
342 3493 371 3553 ἴ.
385 3493 439 3562 περὶ
456 3490 543 3544 λύκυα.
572 3490 610 3543 δτι
628 3492 641 3544 ό
660 3491 735 3551 λύκος
754 3493 796 3545 έάν
814 3493 931 3563 πρότερος
948 3492 988 3563 ἴδη
1007 3495 1073 3557 τινά,
1092 3492 1159 3546 ἐνεὸν
1178 3492 1253 3546 αὐτὸν
1272 3501 1337 3546 ποιεῖ
1353 3495 1398 3546 καλ
1415 3491 1541 3561 ἄφθογγον
1559 3490 1630 3563 ὥρας

270 3581 337 3638 τινάς
446 3580 476 3630 12
496 3578 604 3647 λέγεται]
622 3579 734 3630 Τῖιιιοθι.
752 3596 778 3647 ρ.
788 3578 853 3643 8,12
872 3578 910 3632 ότι
927 3579 997 3648 φύσει
1016 3586 1066 3639 τοῖς
1084 3582 1216 3649 προβάτοις
1235 3580 1352 3648 πολέμιός
1371 3582 1430 3643 ἐστι,
1448 3581 1492 3632 καλ
1510 3578 1629 3648 ἁρπάζων

271 3668 335 3720 αύτά
354 3666 472 3724 πυλλάκις
490 3674 521 3736 τη·Ι
541 3666 603 3735 οὐρᾷ
621 3666 746 3734 μαστίζων
765 3664 868 3730 ἐλαύνει,
886 3668 989 3719 κάκεῖνα
1008 3666 1157 3735 αὐτομάτως
1175 3666 1309 3720 ἀκολουθεῖ
1416 3668 1446 3720 16
1471 3666 1628 3737 βαρύτατον]

270 3756 382 3807 'l'irrroilr⁸
400 3771 425 3821 p.
435 3754 500 3820 8‚15
518 3752 556 3805 ύτι
573 3754 648 3821 ἡνίκα
666 3752 727 3822 ύτὲρ
746 3754 836 3822 μέτρον
854 3754 935 3821 φάγοι,
954 3759 1060 3822 φυσᾶται
1079 3754 1156 3806 αὐτού
1174 3754 1302 3823 ήγλιῖνσσα
1316 3756 1359 3806 καὶ
1370 3756 1472 3823 φράσσαι
1483 3754 1526 3807 τύν
1538 3752 1629 3823 λαιμὸν

272 3840 358 3894 αὐτοῦ.
389 3841 423 3893 ci.
442 3840 523 3907 Ι0225
542 3857 568 3908 p.
581 3840 624 3905 86,
631 3840 663 3891 22
797 3840 831 3891 20
854 3840 905 3892 ἔστι
923 3841 949 3894 δὲ
967 3843 1014 3911 τὴν
1032 3841 1124 3911 ἀκοὴν]
1143 3843 1311 3910 probabiliter
1329 3860 1343 3894 e
1361 3842 1496 3895 Timotheo

271 3930 304 3981 24
323 3928 448 3997 διοίγεται)
465 3928 633 3997 probabiliter
650 3944 664 3979 υ
679 3927 813 3980 Timotheo
906 3926 939 3979 20
958 3926 1026 3980 υύτω
1044 3928 1069 3980 δὲ
1087 3928 1117 3981 τὸ
1135 3925 1233 3998 θηρίον]
1248 3930 1359 3981 Τῖιιιυθι.
1377 3928 1475 3997 ρ.8,1’ί
1495 3926 1533 3981 ὅτι
1546 3924 1629 3987 υύτως

271 4016 407 4086 ἐχθρωδῶς
425 4016 477 4085 ἔχει
497 4016 555 4083 πρὸς
572 4015 604 4067 τά
618 4014 731 4083 πρόβατα
744 4014 810 4068 ὥστε
823 4014 997 4084 εὕρισκομίνης
1016 4014 1135 4073 πολλάκις
1152 4016 1246 4085 χορδῆς
1264 4016 1341 4069 αὐτοῦ
1353 4017 1379 4068 ἐν
1391 4014 1483 4085 κιθάρα
1495 4016 1539 4073 τὰς
1551 4014 1629 4073 ἄλλας

270 4110 321 4156 τῶν
340 4104 473 4173 προβάτων
491 4102 582 4171 χορδὰς
600 4103 680 4171 ἀργεῖν
693 4104 736 4155 καὶ
748 4104 901 4172 κρουομένας
913 4103 948 4172 μὴ
962 4100 1119 4172 φθέγγεσθαι.
1145 4103 1257 4155 τοῦτοδὲ
1270 4104 1313 4155 καλ
1326 4104 1366 4156 ἐπὶ
1377 4105 1514 4173 τυμπάνων
1526 4101 1627 4172 δμοίως.

271 4192 304 4243 ci.
323 4194 389 4258 (ipp.
407 4192 504 4258 Cyrreg.
518 4191 551 4242 iii
566 4188 617 4241 282
629 4206 685 4258 sqq.

271 4340 564 4347 ———-—-—-—-—-—
574 4341 667 4347 .——-

274 4431 285 4481 l
307 4427 418 4488 Γέλωνος
436 4430 462 4481 δὲ
482 4431 537 4483 riri.
644 4431 805 4498 συρακυυσίυυ
823 4432 893 4484 Aoi:
917 4432 1093 4503 συρρακυυσίου
1112 4433 1147 4485 D:
1170 4430 1324 4502 Συρακοσίου
1342 4431 1455 4484 Hercher
1559 4430 1577 4483 3
1597 4430 1628 4484 τὸ

271 4518 316 4583 μὲν
334 4516 403 4570 Aoi:
427 4518 456 4569 τό
475 4516 542 4569 iil>
649 4518 665 4570 τ’)
688 4518 811 4588 κατέβαλε
829 4518 942 4572 Ηυττλιυτ
1046 4520 1061 4569 δ
1085 4521 1181 4589 περιήιε
1199 4521 1220 4572 D
1240 4520 1308 4573 Aoi:
1334 4523 1419 4587 περιῆν
1438 4521 1498 4571 rost.
1511 4520 1628 4571 Abresch

272 4604 326 4656 λθ
345 4603 401 4656 όσον
419 4604 489 4657 οὐδὲν
505 4606 540 4657 D:
562 4604 618 4657 ὅσον
636 4605 665 4657 οὐ
684 4606 724 4659 νυ]
743 4606 798 4658 οὐδὲ
818 4606 886 4674 ririg.
903 4606 973 4659 Aoi:
996 4605 1051 4658 οὐδὲ
1071 4608 1091 4659 V
1108 4608 1220 4661 ilercher
1325 4606 1342 4658 8
1363 4608 1401 4675 τηῑ
1420 4606 1465 4672 μὲν
1485 4606 1553 4659 Αελε
1575 4612 1629 4658 τῶν

271 4692 316 4759 μὲν
330 4691 350 4742 i>
456 4693 485 4743 14
504 4694 696 4746 ἀπειθείσειενθ
797 4693 831 4745 20
849 4690 914 4763 λάθη
928 4694 963 4745 D:
982 4692 1089 4747 fortasse
1106 4694 1186 4757 λάθοι,
1205 4696 1246 4747 rui
1266 4694 1296 4745 ἀν
1314 4694 1341 4745 in
1360 4693 1408 4744 hoc
1427 4694 1551 4760 scriptore
1566 4694 1628 4747 addi

270 4794 324 4830 ιιυιι
343 4784 443 4845 oportet
543 4781 571 4831 21
594 4786 676 4847 κνύμα
695 4782 787 4848 ¹scripsi
809 4780 852 4843 (ci.
872 4782 1004 4848 Aristnph.
1023 4782 1161 4846 Ευι1.;·λ(ἱ);
1185 4781 1271 4851 κύημα
1290 4781 1310 4832 i)
1412 4780 1445 4831 22
1467 4780 1573 4851 διαφύγη
1591 4782 1627 4835 D:

271 4864 379 4917 foriasie
397 4864 509 4936 διαφύγοι
615 4868 647 4919 2-1
671 4868 785 4937 διυίγεται
804 4870 908 4935 scripsi:
932 4868 1049 4937 διοίχεται
1068 4870 1088 4919 i)
1195 4868 1265 4938 αὐτῷ
1284 4869 1389 4935 scripsi:
1413 4868 1498 4920 αὐτῶν
1517 4870 1539 4921 l)
