3510 5610
583 284 588 295 '
637 304 848 365 sonurroms
867 306 915 365 nn
933 307 1114 367 onosnonu

247 481 289 547 sit
313 482 484 548 secundum
517 503 713 547 communem
741 480 918 565 opinionem
940 480 997 545 sio:
1031 503 1125 564 graue
1158 482 1285 565 quidem
1316 483 1499 569 simpliciter

248 585 331 667 quod
346 586 489 650 omnibus
503 585 653 663 subsistit,
676 584 745 648 leue
760 605 834 649 uero
850 584 932 668 quod
948 583 1052 648 omnia
1070 585 1271 668 superminet.
1315 588 1497 672 simpliciter

248 692 353 751 eutem
376 688 507 752 dicimus
530 696 563 752 et
583 688 754 752 secundum
776 708 872 771 genus
894 686 1081 750 diffinientes
1104 694 1136 751 et
1157 688 1352 754 uniformiter
1373 690 1498 773 utrique

249 788 359 867 borum
382 791 506 855 subesse
527 812 641 868 unum,
668 796 701 854 et
721 790 786 873 igni
808 789 934 873 quidem
955 789 1039 868 leue,
1066 795 1165 854 terrae
1187 812 1261 856 uero
1283 813 1391 875 geue:
1419 793 1498 876 ignis

221 891 331 956 sonim
353 892 432 957 nihil
453 892 548 957 habet
569 913 673 976 grene,
695 912 795 975 neque
817 900 900 956 terra
921 892 1170 976 qualemcunque
1192 894 1364 959 leuitatem.
1409 895 1499 959 aliter

249 1001 354 1058 autem
376 1016 469 1078 graue
492 1003 525 1060 et
545 995 615 1060 leue
641 995 753 1079 quibus
780 995 839 1059 duo
866 995 983 1059 insunt.
1027 1017 1083 1080 por
1107 997 1165 1061 hoc
1191 996 1286 1060 etiam
1313 997 1498 1081 quibusdem

248 1097 318 1161 aliis
344 1099 578 1182 superferuntur
603 1103 635 1162 ct
661 1097 908 1176 substituuntur,
941 1097 1021 1162 siout
1047 1119 1100 1161 aer
1126 1104 1157 1162 et
1183 1121 1274 1184 aqua.
1317 1099 1499 1184 simpliciter

248 1199 333 1263 enim
355 1207 500 1264 neutrum
522 1200 633 1264 horum
655 1199 725 1264 leue
747 1207 803 1264 aut
830 1221 937 1284 graue,
971 1221 1006 1265 eo
1033 1201 1116 1284 quod
1142 1208 1226 1266 terra
1252 1202 1376 1287 quidem
1407 1203 1497 1266 ambo

164 1342 176 1365 .
248 1302 366 1366 leuiora
398 1302 631 1387 (superuehitur
658 1302 742 1366 enim
775 1303 804 1367 ei
831 1309 1062 1387 consequenter,
1081 1324 1187 1368 corum
1214 1305 1396 1388 particula),
1430 1305 1499 1388 igne

208 1419 235 1463 ro
248 1425 322 1470 uero
336 1404 486 1487 ⁴grauiore
511 1403 678 1488 (subicitur
700 1406 784 1470 enim
810 1427 918 1471 eorum
944 1403 1228 1489 quantulicumque
1253 1406 1295 1469 sit
1320 1407 1497 1490 porticula),

249 1516 281 1573 et
307 1509 347 1572 ed
376 1529 409 1572 sc
434 1508 584 1572 inuicem:
618 1509 903 1592 quantulocumque
932 1508 1016 1572 onim
1044 1509 1085 1572 sit
1110 1509 1264 1594 particule
1290 1509 1369 1573 aeris
1395 1531 1499 1594 super·

249 1611 375 1675 uehitur
396 1632 506 1694 aquae,
529 1632 611 1695 aque
625 1632 699 1676 uero
715 1610 1000 1695 quantulacumque
1014 1611 1056 1674 sit
1070 1612 1134 1675 aeri
1149 1600 1309 1676 subicitur.
1353 1614 1500 1696 quoniam

247 1733 322 1777 uero
346 1720 377 1777 et
398 1712 530 1778 eliorum
553 1712 706 1798 quaedam
729 1711 853 1796 quidem
876 1711 993 1776 hebent
1019 1715 1219 1797 grauitatem,
1246 1713 1398 1797 quaedem
1423 1737 1498 1781 uero

248 1815 425 1896 leuitatem,
452 1816 571 1879 clarum
594 1816 667 1899 quie
687 1815 800 1879 horum
822 1835 916 1878 causa
937 1815 1076 1879 omnium
1098 1817 1139 1880 sit
1160 1818 1193 1880 in
1216 1817 1362 1881 extremis
1385 1824 1416 1881 et
1437 1839 1500 1882 non

207 1933 234 1978 15
248 1909 634 2002 compositis0differentia:
663 1919 702 1982 ab
728 1917 790 1981 illis
818 1917 902 1981 enim
930 1918 1143 2003 participando
1166 1939 1201 1983 eo
1223 1919 1349 2003 quidem
1372 1919 1441 2003 plus
1463 1942 1499 1984 eo

250 2028 356 2086 autem
378 2020 492 2101 minus,
516 2028 607 2085 erunt
629 2020 781 2104 quaedam
805 2019 930 2103 quidem
952 2020 1036 2084 leuia
1057 2041 1231 2105 corporum,
1254 2022 1406 2104 quaedam
1425 2043 1499 2087 uero

248 2122 365 2207 granio
410 2127 442 2186 et
468 2127 504 2186 ut
529 2144 623 2207 graue
650 2123 799 2187 habentia
825 2121 970 2186 deorsum
1001 2121 1143 2186 locentur
1176 2123 1216 2187 ed
1247 2124 1384 2188 medium
1412 2126 1500 2207 quusi
1598 2206 1603 2214 ,

250 2226 434 2304 diffinitum,
461 2225 506 2290 sic
528 2231 560 2289 ot
581 2225 664 2309 quod
685 2246 807 2288 sursum
829 2226 926 2288 fertur
948 2245 1010 2289 non
1031 2225 1065 2288 in
1085 2225 1244 2289 infinitum
1265 2225 1319 2289 sed
1340 2247 1438 2310 usque
1461 2227 1500 2291 ad

248 2328 408 2413 proprium
429 2328 527 2392 fertur
548 2349 706 2392 summum
728 2334 760 2391 et
778 2327 961 2391 terminum:
984 2327 1078 2391 unius
1094 2328 1242 2412 cuiusque
1259 2329 1343 2392 enim
1358 2330 1500 2413 proprius

206 2446 235 2490 eo
248 2432 317 2494 finis
338 2430 455 2515 species
478 2437 525 2495 est
546 2431 635 2515 quesi
656 2429 917 2509 consummetiua3
940 2429 1014 2513 quie
1036 2431 1161 2494 omnino
1184 2430 1263 2495 nibil
1285 2430 1318 2494 in
1340 2431 1498 2496 inlinitum

248 2536 354 2616 fertur.
399 2540 432 2597 et
450 2533 530 2597 illud
553 2552 675 2616 quoque
691 2535 813 2616 oportet
828 2553 1008 2615 cognoscere
1030 2533 1182 2616 quomodo
1205 2553 1413 2597 connexorum
1435 2555 1500 2599 cor-

248 2657 358 2722 porum
390 2635 543 2719 queedem
576 2634 703 2719 quidem
735 2633 815 2698 bene
848 2634 980 2699 discrete
1005 2656 1060 2720 per
1086 2635 1220 2701 eundem
1245 2635 1372 2699 modurn
1404 2635 1499 2720 (bene

248 2740 416 2804 discretum
449 2739 533 2803 enim
566 2745 613 2802 est
644 2737 722 2801 bene
753 2735 935 2820 diffinitum)
969 2738 1049 2802 sicut
1080 2759 1132 2802 cer
1165 2737 1263 2820 magis
1291 2758 1386 2822 eque,
1418 2760 1500 2822 equa

248 2862 322 2906 uero
345 2847 442 2906 terre:
469 2862 523 2905 ecr
549 2840 632 2904 enim
654 2839 752 2922 magis
774 2839 854 2904 bene
877 2840 1037 2905 discretior
1058 2846 1105 2905 est
1129 2862 1211 2924 eque
1233 2841 1380 2924 quoniam
1402 2843 1500 2926 magis

207 2962 235 3006 no
248 2945 394 3009 humidus
417 2948 463 3008 est
485 2947 516 3007 et
538 2943 641 3020 exilis,
665 2962 701 3005 ao
722 2961 778 3025 per
798 2942 856 3007 hoc
878 2964 979 3027 neque
1002 2944 1193 3028 congelatum
1216 2965 1299 3027 nque
1321 2965 1394 3009 uero
1416 2953 1500 3010 terra

248 3051 327 3113 bene
353 3046 512 3111 discretior
537 3044 626 3129 quasi
650 3044 779 3108 humida
805 3052 837 3109 ct
855 3045 1104 3130 opulentissime:
1129 3045 1243 3110 dicitur
1263 3054 1369 3111 autem
1389 3047 1500 3112 horum

251 3171 347 3215 unum
370 3147 512 3234 qnodque
536 3147 614 3210 bene
636 3147 805 3210 diffinitum
828 3148 915 3230 quasi
938 3148 1111 3213 affectabile
1130 3150 1355 3232 configuratum
1370 3158 1500 3249 etcom·

195 3341 212 3394 5
231 3340 340 3393 Aristot.
359 3335 528 3417 311127111
547 3335 595 3407 ἄρα
613 3338 662 3404 πῦρ
680 3333 752 3387 οὑόὲν
763 3334 816 3409 ίχει
834 3335 917 3406 βάρος,
936 3336 992 3389 obbl
1010 3337 1026 3406 ἡ
1045 3341 1077 3408 γῆ
1096 3336 1242 3408 κουφότητα
1260 3326 1377 3407 οὑόιμίαν
1481 3339 1497 3392 6
1516 3341 1553 3393 ld.

195 3426 315 3480 3112‘22:
344 3423 429 3482 ἄλλως
447 3423 474 3477 δὲ
493 3423 555 3493 βαρὺ
577 3423 621 3475 καί
644 3427 740 3493 κοῦφον
764 3423 799 3481 οίς
817 3423 946 3496 ἀμφότερα
969 3424 1087 3498 ὑπάρχει·
1115 3426 1159 3477 καὶ
1181 3426 1227 3498 γάρ
1250 3424 1424 3487 ἐπιπολάζουσί
1443 3443 1491 3480 τισι
1509 3428 1553 3480 καὶ

195 3513 356 3586 ὑφίστανται,
379 3509 495 3582 καθάπερ
513 3511 562 3581 ἀὴρ
581 3512 624 3564 καὶ
642 3509 723 3580 ὕδωρ·
750 3509 839 3568 ἁπλῶς
857 3511 966 3581 μὲνγὰρ
986 3510 1118 3583 οὑδέτερον
1135 3511 1234 3564 τούτων
1253 3517 1349 3584 κοῦφον
1367 3513 1384 3585 b
1404 3513 1480 3584 βαρὺ·
1507 3519 1554 3586 γῆς

195 3603 241 3671 μίν
259 3602 305 3673 γάρ
324 3600 402 3671 ἅμφιυ
421 3598 563 3670 κουφότερα
587 3597 740 3666 (ἐπιπολάζει
758 3599 805 3669 γὰρ
823 3596 887 3668 αὑτῇ
905 3597 935 3650 rb
956 3597 1034 3672 τυχὸν
1053 3598 1138 3652 αὑτῶν
1157 3599 1266 3670 μόριον),
1289 3599 1367 3659 πυὸς
1384 3601 1410 3653 ὑὲ
1429 3601 1553 3672 βαρὺτερα

123 3706 128 3715 ·
195 3688 338 3759 (ὑφίσταται
355 3689 401 3759 γάρ
420 3685 505 3740 αὑτῶν
524 3684 615 3739 ὁπόσον
633 3685 664 3738 ἂν
682 3683 818 3757 ᾐμόριον),
836 3683 898 3756 πρός
916 3684 992 3738 ἑαυτά
1010 3685 1037 3739 bl
1053 3686 1141 3746 ἁπλῶς
1158 3687 1188 3740 rb
1206 3689 1252 3756 μὲν
1271 3688 1333 3758 βαρὺ
1350 3688 1380 3741 rb
1399 3687 1425 3741 bb
1444 3694 1552 3758 κοῦφον·

195 3774 245 3848 ἀὴρ
263 3776 309 3844 μ1ν
327 3776 374 3847 γὰρ
392 3773 482 3833 ὁπόσος
500 3772 531 3826 ἂν
549 3769 581 3844 ᾗ,
601 3772 743 3834 ἐπιπολάζει
760 3771 844 3837 ὕδατι,
867 3769 936 3844 ὕδωρ
954 3772 981 3825 bl
1000 3772 1090 3826 όπόσον
1109 3774 1140 3827 ἂν
1157 3771 1188 3847 ᾗ,
1209 3775 1264 3847 ἀέρι
1281 3775 1421 3847 ὑφίσταται.
1456 3773 1509 3829 brol
1527 3776 1553 3829 bb

195 3863 239 3916 ιια1
256 3868 310 3914 τῶν
329 3861 415 3915 άλλιυν
432 3863 465 3915 rb
483 3861 528 3930 μίν
547 3860 600 3934 ἔχει
619 3860 694 3930 βάρος
711 3860 743 3912 τά
761 3858 787 3911 bb
805 3858 968 3930 κουφότητα,
992 3859 1068 3930 δῆλον
1086 3859 1124 3914 ότι
1142 3862 1240 3915 τοὺτιυν
1266 3864 1311 3932 μὲν
1330 3863 1396 3916 αίτία
1415 3864 1552 3933 πάντωνή

195 3949 291 4009 ἐντοῖς
309 3947 454 4007 άσυνὺίτοις
470 3947 591 4022 διαφορά·
610 3948 676 4000 κατὰ
694 3948 741 4017 γὰρ
758 3945 788 3999 τὸ
807 3946 911 4000 ἐκείνων
928 3949 1094 4018 τετυχηκέναι
1111 3955 1156 4003 τοῦ
1176 3951 1221 4019 μὲν
1239 3949 1324 4003 πλεῖον
1343 3956 1387 4004 τοῦ
1405 3950 1429 4003 b’
1450 3950 1553 4004 ίλαττον

196 4037 264 4090 ἔσται
281 4038 314 4090 τὰ
332 4038 377 4105 μίν
396 4029 480 4108 κοῦφα
498 4037 531 4089 rb
547 4035 575 4088 bb
594 4035 670 4107 βαρία
687 4040 741 4087 τῶν
759 4035 885 4102 σωμάτιον
995 4035 1025 4087 11
1045 4036 1076 4088 of.
1095 4039 1203 4091 Aristot.
1223 4038 1342 4104 311120,
1360 4039 1451 4091 31284

195 4125 228 4177 21
258 4125 417 4178 11313161
441 4125 493 4176 ἐπεὶ
516 4121 540 4175 b’
562 4123 613 4182 buri
635 4124 667 4176 τά
690 4123 735 4191 μὲν
759 4121 897 4194 εὑδιαίρατα
918 4128 971 4174 τῶν
998 4129 1111 4194 συνεχῶν
1134 4126 1166 4178 τά
1188 4125 1213 4178 b'
1237 4124 1326 4195 ἧττον,
1354 4127 1397 4179 καί
1419 4125 1554 4198 διαιρετικά

195 4211 222 4265 bb
239 4210 284 4265 τὸν
302 4211 378 4265 αὑτὸν
395 4211 489 4284 τρόπον
509 4211 542 4263 rb
559 4211 604 4279 μὲν
624 4208 719 4285 μάλλον
737 4211 770 4263 τὰ
787 4208 811 4261 b’
832 4208 921 4280 ἧττον,
945 4208 1038 4269 rubroc
1056 4211 1117 4263 εἶναι
1135 4213 1263 4281 νομιστίον
1282 4212 1368 4272 olrice
1405 4213 1553 4286 εὑὺιαίρετον

196 4300 242 4369 μὲν
261 4298 306 4353 οὑν
322 4299 352 4352 τὸ
370 4297 504 4371 εὑόριστον,
523 4297 566 4350 καὶ
584 4296 680 4366 μᾶλλον
698 4296 728 4350 rb
746 4296 855 4367 μᾶλλον·
873 4297 923 4369 ἀὴρ
942 4296 968 4349 bb
987 4296 1082 4366 μᾶλλον
1100 4296 1190 4359 ὕδατος
1207 4304 1329 4367 τοιοῦτον,
1349 4299 1416 4372 ὕδωρ
1434 4300 1462 4353 bb
1478 4305 1524 4371 γῆς

195 4387 230 4441 21
249 4389 315 4442 beno
333 4384 487 4455 diffinitum]
506 4384 539 4438 cf.
558 4386 667 4438 Aristot.
685 4384 795 4439 318124
814 4389 840 4438 et
859 4385 940 4439 ldcler
958 4385 991 4438 ed
1009 4385 1058 4438 loo.

195 4560 363 4614 4et11=ut
382 4558 437 4612 GM
539 4527 706 4612 cleritatem
724 4557 766 4610 H:
785 4558 940 4626 grauitatem
962 4557 1020 4610 ΟΜ
1121 4559 1225 4614 11οοί111
1244 4561 1310 4614 CM:
1328 4565 1414 4614 eutem
1434 4561 1466 4612 H

197 4648 227 4702 ll
258 4648 291 4700 ed
310 4645 349 4716 se]
369 4664 385 4701 ο
403 4663 430 4700 se
452 4645 539 4699 OHM
552 4644 625 4718 (πρὸς
643 4645 720 4698 ἑαυτά
737 4644 851 4713 Ανίειοι.)
979 4648 1048 4699 enim
1067 4666 1112 4698 cm.
1134 4647 1187 4698 CM
1312 4650 1494 4715 superuebitur
1512 4648 1552 4701 H:

195 4734 356 4804 superfertur
376 4734 433 4786 Cb!
502 4734 533 4786 12
551 4732 632 4802 aqua]
652 4723 689 4801 a'q
710 4731 748 4786 H:
767 4749 835 4800 eque
854 4731 910 4784 CM
977 4733 1242 4804 quantulumcumque
1261 4736 1317 4788 CM
1387 4735 1417 4787 16
1436 4735 1552 4804 quidem]

197 4825 266 4877 enim
289 4822 372 4874 CHl!
477 4822 508 4873 18
530 4822 621 4873 inom.
640 4820 673 4870 H
776 4822 807 4873 19
830 4823 919 4874 olom.
939 4818 967 4872 H
1073 4820 1107 4872 20
1127 4823 1235 4876 omnino
1256 4823 1299 4875 M:
1319 4824 1388 4876 omni
1408 4824 1483 4876 modo
1504 4821 1556 4877 CH

196 4909 232 4965 26
252 4912 326 4981 quusi
344 4909 451 4962 humida
469 4912 495 4962 et
514 4905 725 4976 opulentissima]
743 4925 832 4974 graece
843 4910 909 4975 sort.
927 4906 963 4966 ὡς
980 4906 1055 4980 ὑγρὸν
1073 4909 1116 4963 καὶ
1134 4907 1310 4987 ιόπαρώτατον
