3510 5610
367 273 618 327 ARISTOPHANIS
637 272 821 327 HISTORIAE
840 274 1034 329 ANIMALIUM
1051 274 1200 328 ΕΡΙΤΟΜΕ
1220 274 1410 329 11428-433
1505 276 1567 341 119

346 444 439 527 (428)
478 444 659 509 Αίλιανοδ.
704 442 822 530 Ἐχῖνον
851 446 900 508 τδν
930 452 1066 530 χερσαῖον
1096 445 1149 509 οὐκ
1178 446 1288 532 ἄσοφον
1318 446 1381 511 οὐδ’
1408 448 1511 530 ἀμαθῆ

260 548 381 629 ταμείας
407 553 461 631 τῆς
487 548 517 617 ἐς
544 548 596 631 τὴν
624 550 724 633 χρείαν
753 550 773 631 ἡ
801 546 887 631 φύσις
914 548 1056 632 ἐποίησεν.
1107 549 1171 613 ἐπεὶ
1200 550 1254 633 γὰρ
1284 552 1374 613 δεῖται
1402 554 1513 634 τροφῆς

260 650 421 732 διετησίου,
448 650 484 713 τά
510 650 542 713 δὲ
568 654 662 733 ὡραῖα
688 650 723 713 οδ
749 654 829 713 πάσα
851 650 914 733 ὥρα
936 651 1066 727 δίδωσιν,
1093 652 1197 714 ἑαυτὸν
1219 652 1249 714 ἐν
1272 657 1334 720 ταῖς
1355 650 1508 736 τρασιαῖςλ

261 751 367 815 κυλίειν
388 754 461 836 φασὶ
483 754 606 815 καὶτῶν
630 754 760 837 ἰσχάδων
775 753 826 820 τὰς
841 754 1044 823 πεπανθείσας,
1068 756 1097 816 αἳ
1113 756 1217 817 πολλαὶ
1239 756 1396 837 πήγνυνται
1417 760 1478 823 ταῖς
1489 776 1504 813 r.
1511 771 1565 816 κτον

229 852 414 929 οάκάνθαις,
440 856 541 939 ἡσυχῇ
565 856 675 938 κομί-ζει
697 856 744 917 καί
767 856 1006 939 ἀποθησαυρίσας
1027 858 1178 941 φυλάττει,
1200 857 1248 919 καὶ
1272 854 1335 941 ἔχει
1358 858 1455 942 λαβεῖν
1479 860 1512 923 ἐκ

260 961 312 1019 τοῦ
334 960 461 1041 φωλεοῦ,
484 957 534 1019 ὅτε
556 958 671 1040 πορίσαι
693 956 750 1041 οὐχ
773 956 834 1018 οίάν
858 981 889 1019 τε
911 956 1019 1026 ἔξωθέν
1042 958 1127 1020 ἐστιν.

345 1059 439 1143 (4·29)
467 1056 524 1121 Ἓν
551 1066 608 1121 τῶν
636 1060 788 1143 βασκάνων
817 1056 901 1143 ζῴων
928 1062 975 1123 καὶ
1003 1064 1018 1124 6
1046 1062 1142 1144 ἐχῖνος
1169 1061 1184 1121 6
1212 1064 1349 1144 χερσαῖος
1370 1061 1442 1125 εἶναι
1464 1087 1511 1127 πε·

262 1161 419 1224 πίστευται.
471 1160 539 1224 ὅταν
572 1159 622 1223 οὖν
656 1159 824 1244 ἁλίσκηται,
859 1168 1039 1246 παραχρῆμα
1072 1162 1211 1245 ἐνοάρησε
1243 1168 1285 1246 τῷ
1315 1162 1434 1246 δέρματι
1462 1167 1510 1227 καὶ

262 1262 405 1347 ἀ(χρεῖο>ν
427 1262 574 1347 ἀπέφηνεν
596 1262 677 1325 αὐτά.
719 1265 803 1326 δοκεῖ
822 1265 855 1325 δὲ
876 1265 917 1333 εἰς
940 1264 1032 1326 πολλὰ
1056 1264 1225 1347 ἐπιτήδειον.

218 1380 247 1425 10
344 1364 438 1448 (430)
467 1363 524 1429 Ἐκ
547 1370 606 1427 τοῦ
629 1364 817 1448 Τιμοθέου.
857 1364 908 1450 Τῷ
933 1366 1023 1450 ἐχίνῳ
1047 1367 1079 1428 δὲ
1101 1392 1120 1449 η
1144 1366 1266 1449 ἀλώπηξ
1288 1371 1416 1431 συστᾶσα
1439 1372 1510 1452 πρὸς

261 1468 399 1552 πόλεμον,
423 1468 524 1551 καίπερ
546 1466 618 1533 οὖσα
641 1470 719 1551 δεινὴ
742 1469 793 1551 τὴν
810 1469 905 1553 φύσιν,
929 1470 1008 1550 ὅμως
1030 1471 1160 1552 ἥττηται,
1183 1469 1230 1531 καί
1245 1470 1297 1552 τὴν
1319 1468 1424 1553 τέχνην
1447 1468 1510 1555 ἔχει

261 1573 400 1639 πολλάκις
426 1570 629 1654 ἐληλεγμένην.
674 1571 716 1639 είς
742 1572 842 1634 ἑαυτὸν
869 1570 922 1653 γὰρ
946 1570 1028 1639 οὖτος
1051 1572 1265 1653 συσπειραθείς,
1294 1569 1342 1635 ίσα
1364 1574 1412 1635 καὶ
1434 1574 1509 1657 λίθιρ

260 1671 427 1755 πρόσκειται
449 1673 500 1740 τὰς
521 1673 621 1758 τρίχας
643 1673 788 1757 ἐπιφρίξας
812 1675 859 1736 καί
876 1676 974 1756 ὥσπερ
996 1671 1124 1756 εὔθηκτα
1147 1672 1216 1756 βέλη
1240 1674 1457 1758 προβεβληκώς,
1480 1676 1510 1738 ἐν

260 1776 307 1843 αίς
329 1777 366 1858 δή
389 1797 452 1843 πως
474 1776 636 1857 ἐμπαίυυσα
659 1778 678 1859 ἡ
702 1776 824 1857 ἀλώπηξ
846 1774 917 1839 είκει
940 1773 1019 1859 [μὲν]
1041 1775 1090 1838 καὶ
1112 1772 1225 1837 ἄκουσα
1247 1779 1289 1860 τῷ
1312 1776 1442 1860 πολέμιρ.

219 1878 354 1962 15(431)
380 1877 416 1939 τά
437 1876 523 1958 ὅμοια
545 1878 577 1939 δὲ
599 1879 723 1962 πάσχειν
746 1879 794 1941 καὶ
816 1879 864 1940 τὸν
888 1874 952 1961 ὄφιν
974 1878 1071 1961 φασίν,
1097 1878 1167 1961 πρὸς
1190 1879 1287 1962 μάχην
1309 1877 1391 1963 αὐτῷ
1417 1878 1509 1961 ξυγγε-

261 1980 389 2063 νόμενον.
424 1981 440 2042 6
457 1981 508 2063 μέν
523 1980 577 2064 γὰρ
600 1985 662 2048 ταῖς
677 1982 783 2063 ἀκμαῖς
804 1984 861 2043 τῶν
878 1986 984 2064 τριχῶν
1007 1980 1178 2065 ἐμβεβηκὼς
1199 1979 1288 2042 αὐτοῦ
1304 1981 1370 2048 τοὺς
1392 1980 1510 2050 δδίντας

260 2084 378 2168 ξυνῆκε,
405 2088 488 2146 τοῦτο
512 2084 547 2165 δὴ
570 2083 603 2144 τὸ
626 2080 795 2164 λεγόμενον,
821 2083 862 2150 εἰς
885 2083 985 2165 κέντρα
1007 2083 1161 2156 λακτίζων,
1188 2081 1250 2146 εἶτα
1271 2085 1320 2146 καὶ
1341 2088 1420 2146 νῶτα
1442 2084 1509 2152 δοὺς

259 2186 325 2255 δξδς
353 2186 476 2270 οἴχεται.
528 2186 544 2246 6
574 2182 599 2247 δ’
628 2186 726 2269 ὥσπερ
756 2182 819 2268 ἔχει
849 2186 1017 2269 σχήματος,
1047 2184 1119 2247 εὐθὺ
1149 2184 1250 2248 τούτου
1280 2186 1397 2271 φέρεται
1428 2187 1508 2268 δίκην

259 2290 381 2373 σφαίρας
407 2286 621 2370 ἐγκυλιίμενος,
651 2288 698 2349 καὶ
728 2287 899 2372 καταλαβὼν
927 2288 1059 2370 ἐμπίπτει
1089 2288 1137 2350 καὶ
1166 2292 1227 2355 ταῖς
1254 2288 1393 2357 ἀκάνθαις
1422 2289 1508 2351 αὐτὸν

214 2392 402 2475 νοέμπείρων
429 2390 482 2452 οδκ
509 2391 658 2473 ἀπολήγει.
704 2390 719 2451 6
742 2389 775 2452 δέ
796 2413 829 2470 γε
852 2388 917 2473 ἀφις
939 2392 1103 2472 ἡττώμενος
1126 2396 1182 2452 τῶν
1211 2392 1330 2473 πληγῶν
1356 2395 1398 2475 τῷ
1427 2393 1506 2476 δλκηῖ

259 2494 463 2579 περιβέβληκε,
486 2493 534 2554 καὶ
558 2492 738 2575 συνέσφιγξεν
760 2492 847 2555 αὐτὸν
870 2492 1055 2576 ἐρρωμένως,
1077 2491 1137 2554 ἀλλ’
1159 2491 1208 2554 ὅδε
1231 2496 1341 2575 μᾶλλον
1363 2493 1435 2558 είσω
1457 2498 1508 2557 τοῦ

258 2602 349 2661 κακοδ
371 2594 522 2679 γενόμενος
544 2594 710 2662 κατέξανται
732 2599 794 2662 ταῖς
815 2595 965 2668 ἀκάνθαις,
988 2594 1096 2657 ἐκεῖνόν
1114 2618 1145 2657 τε
1166 2594 1250 2657 οὐδὲν
1274 2597 1385 2680 βλάψας
1408 2596 1505 2680 ἑαυτῷ

257 2700 372 2785 φθορᾶς
393 2698 507 2780 γέγονεν
530 2695 629 2765 αίτιος.

342 2801 436 2883 (432)
463 2796 564 2883 Ἕχειν
587 2800 688 2861 δὲκαὶ
712 2799 859 2883 ὠφέλιμόν
879 2824 904 2863 τι
926 2804 987 2868 ταῖς
1010 2800 1216 2868 δυστοκούσαις
1236 2803 1307 2883 φασὶ
1329 2800 1436 2883 γυναιξὶ
1458 2801 1506 2862 τὸν

214 2922 244 2967 25
257 2908 364 2991 ἐχῖνον.
408 2902 510 2964 τούτου
535 2901 589 2984 γὰρ
617 2902 669 2984 τὴν
697 2903 789 2984 χολὴν
817 2902 868 2963 σδν
895 2908 978 2987 κηρῷ
1005 2906 1184 2966 λειανθεῖσαν
1213 2904 1353 2987 τεθνηκὸς
1380 2901 1505 2987 ἔμβρυον

256 3014 309 3093 τῆς
330 3006 453 3090 γαστρὸς
474 3004 632 3084 ὑπεξάγειν.

343 3107 436 3191 (433)
469 3104 578 3169 ’λ’ίκτειν
601 3106 634 3169 δὲ
655 3105 741 3168 αὐτὸν
763 3106 892 3188 λέγουσιν
915 3107 945 3169 ἐν
968 3108 1041 3171 ἑπτὰ
1063 3107 1157 3175 τόκοις
1182 3108 1260 3170 δκτὼ
1286 3109 1335 3170 καὶ
1357 3105 1447 3169 εἴκοσι
1469 3106 1505 3169 τά

257 3216 351 3277 πάντα
373 3211 504 3293 σκυμνία.

203 3473 216 3523 l
235 3470 329 3539 ἐχῖνον]
349 3470 406 3521 Λολ.
419 3472 473 3521 nat.
486 3468 565 3519 anim.
580 3466 613 3517 111
628 3465 659 3517 10
676 3467 713 3533 (p.
726 3464 767 3531 62,
778 3464 886 3517 18-25
906 3466 1007 3529 Heu-h.)
1119 3465 1135 3516 ’ί
1157 3466 1183 3517 ἓν
1201 3471 1254 3517 τῶν
1273 3463 1417 3534 βασκάνων]
1437 3464 1492 3516 Αυλ
1505 3465 1522 3515 l.
1534 3480 1556 3515 c.

197 3558 237 3611 IV
247 3556 279 3609 1⁵1
296 3560 332 3623 (p.
341 3554 499 3620 86,·28-31
517 3554 618 3615 Ilerch.)
722 3552 753 3603 10
770 3556 807 3622 τῷ
827 3553 913 3622 ἐχίνῳ]
932 3554 1043 3605 Timoth.
1061 3570 1086 3620 ρ.
1098 3552 1161 3605 7.26
1181 3550 1218 3606 δτι
1237 3552 1343 3622 δέχίνος
1361 3555 1419 3620 νικᾷ
1431 3552 1477 3619 τὴν
1490 3550 1557 3602 ἀλώ-

197 3662 267 3697 πεκα
284 3647 318 3713 τη]
336 3645 416 3713 μάχη,
434 3642 469 3710 μὴ
488 3641 626 3707 δυναμένην
645 3640 721 3693 αὺτοῦ
738 3640 869 3709 βιάσασθαι
888 3642 930 3697 τὰς
949 3641 1067 3698 ἀκάνθας.
1096 3641 1128 3691 vs.
1146 3642 1214 3693 Plut.
1227 3640 1259 3691 de
1276 3640 1362 3695 solert.
1375 3640 1454 3691 anim.
1470 3638 1556 3691 ΧλἸθ

198 3748 225 3801 p.
239 3731 314 3783 9716
445 3730 476 3781 lt>
498 3729 530 3780 τά
548 3726 633 3795 ὅμοια]
655 3728 675 3779 Τ
677 3728 766 3779 imoth.
786 3744 810 3794 μ.
824 3726 889 3783 ῖ,·.)3
913 3725 951 3781 ὅτι
969 3727 982 3779 6
1002 3730 1082 3798 ἐχῖνος
1101 3727 1198 3796 φονιΰει
1216 3726 1259 3779 τὸν
1278 3725 1333 3795 ὄφιν
1352 3727 1495 3794 μαχόμενος
1513 3727 1556 3777 καλ

197 3825 253 3877 ταῖς
271 3816 392 3875 ἀκάνθαις
410 3817 557 3883 περιπείρων
575 3814 651 3867 αὺτδν
670 3816 816 3882 κατατέμνει
924 3816 956 3867 24
976 3814 1052 3883 ἔχειν]
1071 3813 1284 3882 'l'imotl1.p.8‚8
1306 3812 1343 3867 ὅτι
1361 3814 1376 3883 ί,
1396 3812 1459 3882 χολη
1479 3812 1556 3865 αὺτοῦ

197 3906 354 3973 λειαινομένη
378 3904 421 3956 σὺν
442 3910 514 3973 κηρῷ
535 3902 567 3953 τὰ
588 3900 730 3971 τιθνηκότα
751 3902 847 3972 ἔμβρυα
867 3902 1010 3970 καταφέρει.
1121 3901 1155 3952 ’ἀῖ
1176 3900 1278 3965 τίκτειν]
1297 3900 1399 3952 videtur
1418 3901 1554 3953 continua-

197 4002 254 4046 tum
274 4010 307 4046 ex
325 3992 462 4044 Timotheo

363 4140 484 4147 .—.——-
501 4142 522 4146 ...
538 4140 567 4146 ...

201 4233 212 4284 1
235 4228 363 4283 Ὴιλιανοῦ
382 4229 458 4296 «eulpa
476 4229 643 4281 rubricatoris
663 4229 684 4279 [λ
810 4226 899 4298 λῖχῖνον
918 4229 993 4296 culpa
1012 4229 1179 4281 mbricatoris
1199 4228 1220 4280 Ι)
1359 4227 1374 4279 2
1397 4228 1498 4293 ταμείας
1519 4229 1553 4278 D:

196 4318 310 4387 ταμιείας
330 4317 385 4369 λεί.
491 4314 648 4385 3διετησίου
666 4315 736 4369 λολε
759 4316 856 4384 ἐτησίου
877 4318 897 4367 Ι)
1002 4323 1110 4385 πρασιαῖς
1131 4317 1199 4369 Aah:
1220 4314 1332 4384 πρασίαις
1351 4315 1372 4365 1)
1472 4316 1554 4367 4κυ-

195 4402 591 4459 λίεινῐλλε1.τκυλίιιλδείελε
705 4402 868 4471 πεπρνθιίσας
887 4404 920 4454 D:
939 4404 1108 4472 τεριπαρείσας
1126 4403 1181 4455 λεί.
1293 4402 1428 4471 πήγνυνται
1445 4402 1466 4452 ί)
1486 4401 1553 4453 Ατλε

196 4492 368 4563 ίμπίγγωνται
386 4490 498 4543 Hereher
633 4490 648 4541 7
672 4490 745 4559 ζῴων
764 4492 798 4541 D:
822 4492 894 4559 ζῴων
913 4492 996 4558 μέντοι
1016 4491 1071 4542 λολ.
1203 4488 1217 4541 δ
1240 4489 1320 4559 ἐχῖνος
1339 4489 1373 4540 D:
1399 4489 1478 4559 ἐχῖνος
1497 4489 1553 4541 Αολ.

195 4578 282 4635 δαδν
299 4580 336 4631 D:
359 4582 417 4645 γοῦν
436 4578 492 4630 Λολ.
609 4576 725 4647 ἐνοδρησε
745 4578 766 4629 Ι.)
787 4579 854 4631 Aah:
878 4578 1006 4648 ἐνεοδρητε
1025 4578 1137 4629 λλοττλιεν
1255 4576 1392 4646 θάχρεῖον
1410 4577 1500 4643 εινίμοί
1520 4592 1553 4627 ex

196 4666 307 4721 Λελιδ
318 4699 407 4715 .....
420 4684 434 4713 ν
454 4672 538 4716 cetera
557 4665 646 4717 blattis
666 4680 767 4716 corrosa
788 4666 807 4717 Ι)
931 4662 961 4714 12
983 4664 1070 4716 ἑαυτὸν
1089 4665 1194 4731 scripsi:
1216 4664 1306 4732 ἑαυτὴν
1326 4664 1347 4714 λ)
1457 4664 1486 4713 14
1509 4663 1553 4730 μὲν

196 4753 282 4807 delevi
410 4751 439 4804 15
463 4751 531 4819 αδτῷ
550 4753 653 4819 scripsi:
674 4752 748 4803 αδτδν
767 4752 788 4802 l.)
912 4751 942 4802 16
966 4750 1114 4820 ἐμβεβηκὼς
1133 4752 1168 4802 D:
1191 4751 1300 4803 fortasse
1318 4750 1482 4821 ἐμβεβληκώς

199 4840 232 4893 19
256 4839 427 4909 ἐγκυλιόμενος
447 4840 481 4891 D:
504 4839 612 4892 fortasse
632 4838 775 4906 κυλιόμενος
899 4838 933 4891 ’25
956 4836 1135 4892 λιανθεῖσανλ)
