3510 5610
195 308 235 374 52
370 307 620 363 ARISTOPHANIS
640 308 822 362 HJSTORIAE
844 307 1035 363 ANIMALIUM
1055 308 1203 362 EPITOiiE
1224 311 1245 362 11
1265 304 1378 361 60-65

248 482 389 566 τυγχάνον
418 483 512 568 ξυροῖς
537 483 668 568 ἀφαιρεῖν
695 482 770 546 ἐστιν
799 480 867 550 ἔθος
893 485 1003 566 νηπίων
1032 482 1136 558 όντων,
1164 483 1194 553 ἐξ
1219 482 1253 546 ού
1277 484 1324 546 καὶ
1346 484 1398 566 τὴν
1421 482 1498 566 είρη·

250 583 338 669 μένην
360 590 462 670 κλῆσιν
485 587 597 655 ἑαυτοῖς
619 585 864 670 περιπεποίηνται.

332 689 403 771 (61)
432 685 608 772 Ἀνθρώπου
632 687 721 771 μόνου
742 689 789 750 καὶ
805 689 888 758 κυνδς
911 688 1106 772 κορεσθέντων
1126 691 1145 772 ἡ
1167 689 1259 774 τροφὴ
1282 689 1412 751 ἀναπλεῖ.
1447 687 1495 749 καὶ

248 794 298 852 τοῦ
322 791 373 874 μὲν
396 791 552 874 ἀνθρώπου
574 793 593 874 ἡ
615 791 717 875 καρδία
739 795 781 875 τῷ
805 795 889 876 μαζῷ
911 797 953 876 τῷ
978 794 1052 877 λαιῷ
1074 792 1280 876 προσήρτηται,
1303 795 1362 859 τοῖς
1381 813 1414 872 γε
1437 790 1494 873 μὴν

220 890 344 961 οάλλοις
367 890 454 977 ζώοις
476 893 506 955 ἐν
529 893 611 977 μέσῳ
633 897 676 977 τῷ
701 893 802 977 στήθει
824 892 1072 978 προσπέπλασται.

332 994 403 1079 (62)
438 995 639 1080 Γαμψώνυχον
667 996 700 1058 δὲ
725 994 781 1080 ἄρα
810 995 878 1058 οὐδὲ
908 994 912 1082 ί
943 997 974 1059 ἓν
1000 995 1068 1059 οὔτε
1094 997 1167 1058 πίνει
1193 994 1259 1058 οὔτε
1285 995 1367 1079 ούρεῖ
1391 993 1544 1058 oium

240 1099 474 1180 -συναγελάζεται
496 1099 613 1183 ἑτέροις.

334 1200 405 1285 (63)
433 1199 608 1287 Ἀνθρώπου
630 1202 663 1265 δὲ
677 1202 778 1266 ἀσίτου
800 1202 833 1263 τδ
857 1203 954 1286 δῆγμα
969 1201 1097 1287 χαλεπδν
1119 1202 1167 1264 καὶ
1189 1202 1330 1265 δυσίατον.
1367 1200 1499 1281 λέγονται

249 1303 282 1365 δὲ
309 1305 336 1366 οί
363 1303 476 1367 Σκύθαι
502 1305 573 1389 πρδς
599 1309 643 1390 τῷ
671 1305 776 1391 τοξικιγῖ
804 1298 829 1391 ᾧ
859 1307 925 1374 τοὺς
954 1304 1068 1373 δίστοδς
1097 1304 1210 1388 χρίουσι
1238 1303 1286 1366 καί
1316 1303 1497 1387 ἀνθρώπειον

210 1420 236 1464 10
250 1407 346 1490 ἰχῶρα
368 1407 552 1490 ἀναμιγνύναι
574 1409 801 1492 φαρμάσσοντες,
824 1408 1034 1478 ἐπιπολάζοντά
1056 1429 1118 1474 πως
1140 1405 1250 1488 αἵματι,
1273 1404 1305 1468 ύν
1328 1429 1381 1490 περ
1405 1405 1499 1469 ἴσασιν

250 1507 398 1592 ἀπόκριμα
420 1508 527 1578 αὐτοῖς.
570 1518 766 1595 τεκμηριῶσαι
788 1515 872 1574 τοῦτο
894 1511 943 1573 καὶ
966 1509 1151 1594 Θεόφραστος
1171 1507 1277 1577 ίκανός.

334 1611 406 1693 (64)
434 1608 498 1677 Ὅτι
517 1610 736 1699 Ἀγαθαρχίδης
758 1615 845 1698 φησὶν
867 1611 939 1675 εἶναι
956 1612 1036 1694 γένος
1058 1612 1088 1674 ἐν
1110 1616 1148 1695 τῇ
1165 1612 1259 1697 Λιβύη
1281 1616 1366 1675 τινῶν
1389 1612 1500 1694 ἀνθρώ-

249 1736 325 1775 πων·
358 1716 407 1777 καί
431 1714 526 1799 μέντοι
552 1716 601 1778 καὶ
623 1716 775 1779 καλεῖσθαι
801 1716 906 1784 αὐτούς
930 1715 1070 1783 Ψύλλους.
1115 1716 1163 1778 καὶ
1191 1714 1246 1777 ὅσα
1273 1714 1324 1795 μὲν
1350 1714 1424 1777 κατά
1450 1716 1499 1777 τδν

250 1816 337 1879 ἀλλον
361 1816 420 1902 βίον
441 1821 499 1879 τῶν
522 1820 630 1880 λοιπῶν
653 1818 817 1903 ἀνθρώπων
840 1817 968 1903 διαφέρει
991 1817 1088 1891 οὐδέν,
1114 1818 1147 1879 τδ
1170 1817 1203 1879 δὲ
1225 1821 1312 1900 σῶμα
1334 1815 1397 1901 ἔχει
1421 1816 1498 1887 ξένον

210 1935 235 1979 ιο
248 1943 279 1982 τε
306 1919 353 1982 καὶ
380 1919 541 2004 παράδοξον
570 1923 610 1988 ῶς
637 1921 710 2005 πρδς
735 1920 802 1991 τοὺς
829 1920 1018 2005 έτεροφύλους
1039 1917 1278 2002 ἀντικρινόμενον.
1322 1919 1358 1982 τά
1379 1921 1433 2005 γάρ
1455 1944 1500 1983 τοι

250 2027 314 2107 ζῶα
334 2021 370 2084 τὰ
393 2023 532 2086 δάκνοντα
554 2025 602 2086 καὶ
624 2022 660 2086 τὰ
685 2023 875 2108 ἐγχρίπτοντα
897 2025 1055 2106 πάμπολλα
1071 2020 1139 2085 ὄντα
1155 2022 1244 2104 μηδὲν
1266 2021 1372 2091 αὐτοὺς
1396 2023 1500 2104 μόνους

250 2126 368 2187 ἀδικεῖν.
405 2123 473 2188 οὔτε
494 2129 562 2207 γοῦν
585 2123 681 2210 ὄφεως
696 2125 833 2195 δακόντος
854 2125 1001 2188 ἐπαΐουσιν
1024 2123 1091 2188 οὔτε
1113 2125 1272 2210 φαλαγγίου
1295 2124 1437 2201 νύξαντος,
1460 2130 1501 2194 ῶς

250 2227 316 2296 τοδς
342 2226 462 2303 ἀλλους,
489 2226 530 2295 εἰς
553 2227 677 2291 θάνατον
701 2227 767 2292 οὔτε
790 2229 847 2312 μην
870 2228 1007 2313 σκορπίου
1034 2227 1149 2312 κέντρον
1172 2228 1383 2311 ἀπερείσαντος.
1428 2226 1500 2290 ἐπὰν

251 2330 283 2392 δὲ
299 2329 356 2415 άρα
377 2324 486 2392 τούτων
502 2332 691 2414 προσπελάση
708 2356 734 2394 τι
755 2332 817 2415 ἅμα
839 2332 887 2395 καὶ
902 2330 1080 2416 παραψαύση
1102 2333 1305 2411 τοῦσώματος
1327 2331 1375 2393 καὶ
1397 2330 1458 2412 άμα
1472 2353 1499 2392 τι

208 2449 236 2493 ου
250 2434 297 2497 καὶ
319 2433 415 2515 δομῆς
437 2437 489 2515 τῆς
511 2432 628 2496 ἐκείνων
650 2434 749 2518 ψαύση
773 2435 792 2519 ἦ
816 2435 930 2517 σπάση,
954 2435 1051 2516 ῶσπερ
1074 2430 1123 2495 ούν
1146 2434 1302 2518 φαρμάκου
1324 2434 1499 2515 γευσάμενον

251 2537 421 2611 ύπνοποιού,
451 2536 575 2618 κάρωσίν
603 2559 664 2598 τινα
691 2536 824 2620 ἑλκτικὴν
851 2537 892 2604 είς
917 2536 1107 2621 ἀναισθησίαν
1136 2535 1324 2618 ἐμποιοῦντος
1352 2535 1503 2604 ἐξασθενεῖ

251 2641 299 2702 καὶ
326 2643 470 2722 παρεῖται,
497 2636 560 2701 ἔστ’
584 2637 617 2701 ἀν
645 2640 821 2722 παραδράμη
849 2638 1012 2722 ἅνθρωπος.
1120 2637 1200 2706 ὅπως
1226 2638 1258 2727 δέ
1285 2636 1439 2722 ἐλέγχουσι
1465 2637 1501 2700 τά

251 2741 362 2804 ἑαυτῶν
385 2740 478 2826 βρέφη
500 2739 560 2803 εἴτε
581 2741 642 2804 ἐστὶ
657 2743 761 2825 γνήσια
782 2739 841 2804 εἴτε
862 2743 910 2805 καὶ
932 2740 1005 2804 νόθα
1023 2740 1053 2803 ἐν
1069 2745 1127 2809 τοῖς
1150 2742 1280 2824 ἑρπετοῖς
1302 2741 1501 2826 βασανίζοντες

252 2847 291 2913 ῶς
313 2845 343 2907 ἐν
366 2849 409 2929 τῷ
432 2844 499 2928 πυρὶ
520 2844 569 2905 τδν
591 2844 702 2927 χρυσδν
725 2845 751 2906 οἱ
775 2844 912 2929 βάναυσοι
934 2843 1116 2928 χρυσουργοί,
1139 2844 1276 2928 ἀνωτέρω
1298 2842 1389 2906 είπον.

210 2963 238 3007 κο
335 2945 407 3030 (65)
432 2940 496 3010 Ὅτι
519 2942 648 3016 Καλλίας
670 2946 700 3009 ἐν
722 2949 765 3031 τῷ
788 2948 901 3031 δεκάτιμ
924 2951 980 3009 τῶν
1006 2947 1069 3030 περὶ
1092 2947 1141 3009 τδν
1163 2945 1357 3030 Συρακούσιον
1377 2944 1500 3028 Ἀγαθο·

253 3050 324 3114 κλέα
346 3047 439 3131 λόγων
459 3050 531 3134 φησὶ
551 3033 618 3118 τοὺς
634 3050 774 3134 κεράστας
797 3046 877 3133 όφεις
893 3048 1001 3118 δεινοὺς
1016 3048 1089 3111 εἶναι
1110 3050 1142 3111 τδ
1167 3051 1277 3132 δῆγμα·
1306 3051 1430 3133 ἀναιρεῖν
1447 3049 1501 3132 γὰρ

251 3158 298 3216 καί
323 3156 390 3238 ζῷα
412 3151 504 3234 ἄλογα
526 3153 574 3214 καὶ
597 3152 785 3235 ἀνθρώπους,
809 3153 835 3214 εί
858 3153 898 3234 μὴ
922 3152 1025 3235 παρείη
1049 3152 1138 3237 Λίβυς
1159 3151 1242 3236 ἀνήρ,
1268 3151 1382 3220 Ψύλλος
1404 3153 1445 3241 ῶν
1468 3153 1500 3214 τδ

251 3257 341 3339 γένος.
385 3253 469 3323 ούτος
489 3254 543 3338 γὰρ
565 3254 615 3316 ἐάν
638 3275 668 3315 τε
691 3255 795 3339 κλητὸς
822 3253 973 3338 ἀφίκηται,
999 3253 1048 3316 ἐάν
1071 3277 1101 3316 τε
1128 3257 1208 3337 παρῇ
1234 3254 1308 3317 κατὰ
1333 3253 1425 3340 τύχην
1452 3255 1500 3318 καὶ

198 3463 215 3517 3
239 3460 386 3533 ἀνθρώπου]
410 3460 442 3512 cf.
460 3476 538 3529 supra
560 3457 662 3527 μ.31,2
681 3464 707 3512 εί
724 3466 801 3513 notas
820 3459 916 3513 ibidem
1055 3461 1070 3512 6
1096 3459 1279 3531 γαμψώνυχον]
1302 3460 1334 3513 cf.
1353 3476 1432 3529 supra
1450 3476 1476 3528 p.
1488 3459 1555 3526 31,8

197 3554 223 3603 et
241 3553 318 3602 notas
335 3548 432 3601 ibidem
540 3547 557 3599 8
575 3544 721 3617 ἀνθρώπου]
741 3547 797 3601 Ael.
810 3552 864 3600 nat.
878 3549 957 3600 anim.
970 3549 1009 3602 IX
1023 3549 1053 3602 15
1072 3552 1108 3617 (p.
1120 3548 1298 3615 223,12-17
1317 3549 1420 3611 Ηειοδ.)
1439 3547 1471 3601 cf.
1490 3546 1554 3615 §40

196 3654 223 3705 p.
234 3636 317 3702 43,18
408 3634 439 3686 12
456 3632 646 3705 Ἀγαθαρχίδης]
666 3635 721 3688 Λοί.
734 3640 788 3688 nat.
800 3636 879 3688 anim.
892 3636 954 3689 XVI
966 3636 999 3687 27
1017 3639 1053 3704 (p.
1062 3635 1222 3702 404,4-21
1238 3636 1341 3699 Ηειοίι.)
1431 3634 1465 3688 25
1483 3632 1553 3689 Καλ-

195 3723 261 3793 λίας]
281 3723 337 3776 Αοί.
349 3726 404 3775 nat.
417 3723 496 3809 apim.
507 3723 570 3775 XVI
582 3721 616 3774 28
634 3724 670 3790 (μ.
682 3722 889 3789 404,22-405,
897 3724 928 3776 14
947 3724 1050 3789 Herch.)

198 3912 214 3965 8
239 3912 267 3965 τδ
286 3914 320 3965 D:
346 3927 396 3965 om.
409 3911 466 3964 Aoi.
589 3911 605 3963 9
632 3913 767 3983 ἐπιχρίουσι
785 3914 842 3966 Αεί.
979 3915 1011 3967 10
1036 3914 1221 3985 φαρμάττοντις
1240 3915 1353 3968 Ηοτοίιετ
1493 3922 1553 3984 posi

195 3999 282 4068 αἵματι
304 4000 425 4052 lacunam
449 3998 580 4069 signifieat
604 4000 717 4055 Hercher
859 4001 890 4053 12
918 4000 955 4054 ότι
978 4017 1028 4054 om.
1047 4001 1104 4055 Ael.
1247 4003 1278 4055 14
1305 4002 1427 4072 διαφέρειν
1449 4001 1506 4055 obii
1528 4003 1554 4055 ἐν

196 4088 236 4140 ed.
256 4087 313 4140 Ael.
479 4085 546 4157 ἔχειν
567 4087 624 4140 ΑεΙ.
795 4087 826 4141 15
853 4088 1029 4160 ἑτεροφύλλους
1050 4090 1071 4142 Ι)
1243 4091 1274 4142 16
1302 4091 1426 4143 δάκνοντα
1446 4091 1482 4143 D:
1510 4089 1553 4144 δα-

196 4176 258 4227 κετά
277 4175 333 4226 ΑεΙ.
451 4174 614 4245 ἐγχρίπτοντα
633 4176 655 4228 D
673 4175 748 4228 codd.
764 4176 832 4229 Aah:
857 4177 1039 4247 ἐγχρίμπτοντο
1057 4178 1169 4230 Hercher
1287 4177 1447 4247 πάμπολαΙ)

200 4262 230 4314 17
256 4261 291 4319 ώς
309 4261 404 4316 delevit
422 4264 535 4317 Ηοιοδει
663 4263 694 4315 18
718 4265 821 4334 κέντρον
839 4266 861 4318 Ι)
881 4265 949 4317 AeL:
974 4264 1003 4317 τδ
1022 4265 1125 4334 κέντρον
1144 4264 1256 4316 Ηοιιδει
1383 4267 1415 4319 19
1438 4285 1462 4319 τι
1480 4269 1553 4331 (anto

196 4351 272 4420 ἀμα);
297 4354 364 4406 τὲΙ)
475 4350 528 4420 ἅμα
546 4352 567 4404 ί)
587 4351 657 4404 AeL:
680 4367 730 4404 om.
743 4353 856 4406 Horcher
965 4350 999 4404 20
1023 4351 1103 4421 ὀσμῆς
1123 4352 1157 4404 D:
1182 4357 1227 4421 τῆς
1246 4351 1324 4422 δομῆς
1343 4352 1401 4406 Αεί.
1507 4359 1554 4425 τῆς

196 4441 300 4493 ἐκείνων
319 4441 388 4494 Δελι
411 4446 463 4493 τῶν
482 4439 583 4492 ἐκείνων
599 4439 634 4490 D:
658 4443 702 4510 τῆς
722 4439 747 4500 ἐξ
766 4441 869 4493 ἐκείνων
887 4441 1023 4509 proposuit
1041 4440 1152 4492 Hercher
1240 4439 1323 4510 ψαύοη
1342 4439 1358 4512 ἢ
1378 4442 1400 4493 Ι)
1418 4441 1488 4494 Aei:
1507 4458 1553 4495 ox·

195 4529 292 4596 punxit
310 4529 406 4582 Jacobs
517 4526 548 4578 21
575 4525 710 4579 ίιπνοποιοῦ
728 4528 750 4580 Ι)
769 4528 838 4580 Aoi:
862 4528 992 4596 expunxit
1010 4528 1122 4580 Hercher
1170 4529 1175 4540 '
1232 4527 1267 4579 22
1290 4526 1423 4597 ἅνθρωπος
1441 4529 1463 4581 Ι)
1482 4529 1553 4583 Aoi:

196 4614 210 4667 δ
235 4614 366 4684 ἄνθρωπος
385 4615 497 4668 Hercher
590 4614 717 4684 ἐλέγχουσι
737 4616 807 4668 Aoi:
829 4616 989 4686 ἐλίγχωσιΙ)
1083 4615 1117 4667 24
1139 4616 1197 4684 πυρί
1216 4615 1284 4667 Aoi:
1307 4616 1403 4685 περίΙ)
1492 4635 1551 4688 χρυ·

195 4701 293 4771 σουργοί
312 4703 381 4754 Aoi:
401 4709 547 4772 χρυσουργεῖ
564 4703 596 4754 D:
617 4703 712 4756 delevit
732 4704 844 4756 Hercher
942 4703 976 4756 25
995 4701 1032 4756 ότι
1051 4704 1123 4756 deest
1142 4704 1197 4756 Ael.
1294 4701 1463 4775 Συρακούσιον
1482 4704 1552 4757 Aeiz

196 4789 370 4859 ουρρακούτιον
389 4790 424 4841 ii:
449 4787 601 4857 Συρακόσιον
621 4791 733 4844 Hercher
839 4791 872 4842 26
896 4791 978 4861 λόγων
997 4790 1066 4844 Αυλε
1092 4790 1198 4860 λόγῳθ
1310 4791 1343 4843 28
1369 4794 1414 4862 γὰρ
1433 4794 1468 4845 D:
1493 4796 1553 4862 γοῦν

195 4877 251 4929 ΔοΙ.
357 4896 384 4929 τε
403 4877 437 4928 D:
462 4878 551 4930 τεκαὶ
571 4878 626 4930 Ael.
