<?xml version="1.0" encoding="UTF-8"?>
<!DOCTYPE html PUBLIC "-//W3C//DTD XHTML 1.0 Transitional//EN"
    "http://www.w3.org/TR/xhtml1/DTD/xhtml1-transitional.dtd">
<html xmlns="http://www.w3.org/1999/xhtml" xml:lang="en" lang="en">
 <head>
  <title>
</title>
<meta http-equiv="Content-Type" content="text/html;charset=utf-8" />
  <meta name='ocr-system' content='tesseract 3.04.00' />
  <meta name='ocr-capabilities' content='ocr_page ocr_carea ocr_par ocr_line ocrx_word'/>
</head>
<body>
  <div class='ocr_page' id='page_1' title='image "./supplementumari01arisgoog_0067.png"; bbox 0 0 3510 5610; ppageno 0'>
   <div class='ocr_carea' id='block_1_1' title="bbox 194 303 1373 375">
    <p class='ocr_par' dir='ltr' id='par_1_1' title="bbox 194 303 1373 375">
     <span class='ocr_line' id='line_1_1' title="bbox 194 303 1373 375; baseline -0.003 -15"><span class='ocrx_word' id='word_1_1' title='bbox 194 308 235 375; x_wconf 80' lang='grc'><strong>38</strong></span> <span class='ocrx_word' id='word_1_2' title='bbox 367 305 619 360; x_wconf 77' lang='lat' dir='ltr'>ARISTOPIIANIS</span> <span class='ocrx_word' id='word_1_3' title='bbox 638 304 823 359; x_wconf 79' lang='lat' dir='ltr'>HISTORIAE</span> <span class='ocrx_word' id='word_1_4' title='bbox 842 303 1034 358; x_wconf 74' lang='lat' dir='ltr'>ANfflALrUM</span> <span class='ocrx_word' id='word_1_5' title='bbox 1053 304 1201 358; x_wconf 79' lang='grc' dir='ltr'><strong>ΕΡΙΤΟΜΕ</strong></span> <span class='ocrx_word' id='word_1_6' title='bbox 1219 303 1244 358; x_wconf 88' lang='lat'><strong>11</strong></span> <span class='ocrx_word' id='word_1_7' title='bbox 1264 305 1373 358; x_wconf 80' lang='lat'>14-17</span> 
     </span>
    </p>
   </div>
   <div class='ocr_carea' id='block_1_2' title="bbox 140 468 1549 2927">
    <p class='ocr_par' dir='ltr' id='par_1_2' title="bbox 140 468 1549 2927">
     <span class='ocr_line' id='line_1_2' title="bbox 246 468 1549 564; baseline 0.001 -21"><span class='ocrx_word' id='word_1_8' title='bbox 246 481 299 564; x_wconf 82' lang='grc' dir='ltr'><strong>τὴν</strong></span> <span class='ocrx_word' id='word_1_9' title='bbox 321 486 379 545; x_wconf 84' lang='grc' dir='ltr'><strong>τῶν</strong></span> <span class='ocrx_word' id='word_1_10' title='bbox 399 468 553 564; x_wconf 78' lang='grc' dir='ltr'><strong>μυκτήρων</strong></span> <span class='ocrx_word' id='word_1_11' title='bbox 576 476 713 564; x_wconf 82' lang='grc' dir='ltr'>ἔκκρισιν·</span> <span class='ocrx_word' id='word_1_12' title='bbox 740 481 784 542; x_wconf 89' lang='grc' dir='ltr'><strong>διδ</strong></span> <span class='ocrx_word' id='word_1_13' title='bbox 807 478 854 542; x_wconf 82' lang='grc' dir='ltr'><strong>καί</strong></span> <span class='ocrx_word' id='word_1_14' title='bbox 870 476 937 541; x_wconf 89' lang='grc' dir='ltr'><strong>όταν</strong></span> <span class='ocrx_word' id='word_1_15' title='bbox 959 475 1076 562; x_wconf 89' lang='grc' dir='ltr'><strong>ἀθρόως</strong></span> <span class='ocrx_word' id='word_1_16' title='bbox 1100 475 1104 564; x_wconf 89' lang='grc' dir='ltr'>Ι</span> <span class='ocrx_word' id='word_1_17' title='bbox 1129 477 1268 563; x_wconf 79' lang='grc' dir='ltr'><strong>πίνωμεν,</strong></span> <span class='ocrx_word' id='word_1_18' title='bbox 1290 479 1549 564; x_wconf 62' lang='grc' dir='ltr'><strong>ἀνασπῶμενιαιώ</strong></span> 
     </span>
     <span class='ocr_line' id='line_1_3' title="bbox 250 579 1496 669; baseline 0.001 -24"><span class='ocrx_word' id='word_1_19' title='bbox 250 582 336 668; x_wconf 80' lang='grc' dir='ltr'>μέρος</span> <span class='ocrx_word' id='word_1_20' title='bbox 356 608 382 646; x_wconf 92' lang='grc' dir='ltr'><strong>τι</strong></span> <span class='ocrx_word' id='word_1_21' title='bbox 403 587 455 647; x_wconf 83' lang='grc' dir='ltr'><strong>τοῦ</strong></span> <span class='ocrx_word' id='word_1_22' title='bbox 478 583 565 667; x_wconf 81' lang='grc' dir='ltr'><strong>ύγρού</strong></span> <span class='ocrx_word' id='word_1_23' title='bbox 590 583 637 646; x_wconf 91' lang='grc' dir='ltr'><strong>διά</strong></span> <span class='ocrx_word' id='word_1_24' title='bbox 662 586 721 645; x_wconf 88' lang='grc' dir='ltr'><strong>τών</strong></span> <span class='ocrx_word' id='word_1_25' title='bbox 747 581 911 664; x_wconf 77' lang='grc' dir='ltr'><strong>μυκτήρων.</strong></span> <span class='ocrx_word' id='word_1_26' title='bbox 955 579 1016 645; x_wconf 83' lang='grc' dir='ltr'><strong>ἔστι</strong></span> <span class='ocrx_word' id='word_1_27' title='bbox 1041 583 1074 644; x_wconf 83' lang='grc' dir='ltr'><strong>δέ</strong></span> <span class='ocrx_word' id='word_1_28' title='bbox 1101 583 1185 669; x_wconf 90' lang='grc' dir='ltr'><strong>φύσει</strong></span> <span class='ocrx_word' id='word_1_29' title='bbox 1210 579 1257 666; x_wconf 74' lang='grc' dir='ltr'><strong>(ἡ)</strong></span> <span class='ocrx_word' id='word_1_30' title='bbox 1282 582 1404 668; x_wconf 83' lang='grc' dir='ltr'><strong>ἀρτηρία</strong></span> <span class='ocrx_word' id='word_1_31' title='bbox 1430 605 1496 668; x_wconf 89' lang='grc' dir='ltr'><strong>χον·</strong></span> 
     </span>
     <span class='ocr_line' id='line_1_4' title="bbox 249 682 1497 771; baseline -0.002 -22"><span class='ocrx_word' id='word_1_32' title='bbox 249 687 363 771; x_wconf 89' lang='grc' dir='ltr'><strong>δρώδης</strong></span> <span class='ocrx_word' id='word_1_33' title='bbox 384 687 432 749; x_wconf 83' lang='grc' dir='ltr'><strong>καὶ</strong></span> <span class='ocrx_word' id='word_1_34' title='bbox 455 684 610 768; x_wconf 87' lang='grc' dir='ltr'><strong>δλίγαιμος.</strong></span> <span class='ocrx_word' id='word_1_35' title='bbox 655 684 731 769; x_wconf 88' lang='grc' dir='ltr'><strong>μέση</strong></span> <span class='ocrx_word' id='word_1_36' title='bbox 754 682 803 748; x_wconf 88' lang='grc' dir='ltr'><strong>ούν</strong></span> <span class='ocrx_word' id='word_1_37' title='bbox 825 688 916 748; x_wconf 85' lang='grc' dir='ltr'><strong>κεῖται</strong></span> <span class='ocrx_word' id='word_1_38' title='bbox 936 689 994 749; x_wconf 85' lang='grc' dir='ltr'><strong>τῶν</strong></span> <span class='ocrx_word' id='word_1_39' title='bbox 1017 686 1169 768; x_wconf 80' lang='grc' dir='ltr'><strong>στομάτων</strong></span> <span class='ocrx_word' id='word_1_40' title='bbox 1191 689 1242 748; x_wconf 81' lang='grc' dir='ltr'><strong>τοῦ</strong></span> <span class='ocrx_word' id='word_1_41' title='bbox 1265 683 1422 770; x_wconf 89' lang='grc' dir='ltr'><strong>οίσοφάγου</strong></span> <span class='ocrx_word' id='word_1_42' title='bbox 1449 686 1497 749; x_wconf 85' lang='grc' dir='ltr'><strong>καὶ</strong></span> 
     </span>
     <span class='ocr_line' id='line_1_5' title="bbox 250 787 1496 873; baseline 0 -23"><span class='ocrx_word' id='word_1_43' title='bbox 250 793 303 872; x_wconf 75' lang='grc' dir='ltr'><strong>τῆς</strong></span> <span class='ocrx_word' id='word_1_44' title='bbox 330 788 466 873; x_wconf 82' lang='grc' dir='ltr'><strong>τραχείας</strong></span> <span class='ocrx_word' id='word_1_45' title='bbox 495 787 632 872; x_wconf 89' lang='grc' dir='ltr'><strong>ἀρτηρίας</strong></span> <span class='ocrx_word' id='word_1_46' title='bbox 659 790 678 870; x_wconf 70' lang='grc' dir='ltr'>ἡ</span> <span class='ocrx_word' id='word_1_47' title='bbox 707 788 886 869; x_wconf 88' lang='grc' dir='ltr'><strong>ἐπιγλωττίς,</strong></span> <span class='ocrx_word' id='word_1_48' title='bbox 916 789 979 872; x_wconf 80' lang='grc' dir='ltr'><strong>ἥτις</strong></span> <span class='ocrx_word' id='word_1_49' title='bbox 1008 788 1037 851; x_wconf 80' lang='grc' dir='ltr'><strong>ἐν</strong></span> <span class='ocrx_word' id='word_1_50' title='bbox 1068 792 1110 872; x_wconf 78' lang='grc' dir='ltr'><strong>τῷ</strong></span> <span class='ocrx_word' id='word_1_51' title='bbox 1139 788 1300 851; x_wconf 79' lang='grc' dir='ltr'><strong>καταπίνειν</strong></span> <span class='ocrx_word' id='word_1_52' title='bbox 1329 788 1382 872; x_wconf 82' lang='grc' dir='ltr'><strong>τὴν</strong></span> <span class='ocrx_word' id='word_1_53' title='bbox 1409 787 1496 872; x_wconf 74' lang='grc' dir='ltr'><strong>ίηράν</strong></span> 
     </span>
     <span class='ocr_line' id='line_1_6' title="bbox 169 889 1497 975; baseline 0.002 -25"><span class='ocrx_word' id='word_1_54' title='bbox 169 930 171 935; x_wconf 91' lang='grc'>-</span> <span class='ocrx_word' id='word_1_55' title='bbox 221 892 358 975; x_wconf 76' lang='grc' dir='ltr'><strong>στροφὴν</strong></span> <span class='ocrx_word' id='word_1_56' title='bbox 381 891 588 973; x_wconf 76' lang='grc' dir='ltr'><strong>ἐπιπωματίζει</strong></span> <span class='ocrx_word' id='word_1_57' title='bbox 610 891 662 974; x_wconf 80' lang='grc' dir='ltr'><strong>τὴν</strong></span> <span class='ocrx_word' id='word_1_58' title='bbox 685 890 822 975; x_wconf 78' lang='grc' dir='ltr'><strong>ἀρτηρίαν</strong></span> <span class='ocrx_word' id='word_1_59' title='bbox 844 889 998 954; x_wconf 79' lang='grc' dir='ltr'><strong>κωλύουσα</strong></span> <span class='ocrx_word' id='word_1_60' title='bbox 1024 890 1064 954; x_wconf 89' lang='grc' dir='ltr'><strong>ών</strong></span> <span class='ocrx_word' id='word_1_61' title='bbox 1087 890 1121 953; x_wconf 87' lang='grc' dir='ltr'><strong>οδ</strong></span> <span class='ocrx_word' id='word_1_62' title='bbox 1145 889 1209 954; x_wconf 93' lang='grc' dir='ltr'><strong>δέον</strong></span> <span class='ocrx_word' id='word_1_63' title='bbox 1231 889 1322 975; x_wconf 79' lang='grc' dir='ltr'><strong>αὐτήν</strong></span> <span class='ocrx_word' id='word_1_64' title='bbox 1344 890 1405 953; x_wconf 89' lang='grc' dir='ltr'><strong>ἐστι</strong></span> <span class='ocrx_word' id='word_1_65' title='bbox 1426 893 1497 973; x_wconf 91' lang='grc' dir='ltr'><strong>λαμ-</strong></span> 
     </span>
     <span class='ocr_line' id='line_1_7' title="bbox 250 992 1498 1079; baseline 0 -23"><span class='ocrx_word' id='word_1_66' title='bbox 250 995 353 1079; x_wconf 87' lang='grc' dir='ltr'><strong>βάνειν.</strong></span> <span class='ocrx_word' id='word_1_67' title='bbox 410 993 559 1078; x_wconf 88' lang='grc' dir='ltr'><strong>συμβαίνει</strong></span> <span class='ocrx_word' id='word_1_68' title='bbox 593 993 625 1056; x_wconf 84' lang='grc' dir='ltr'><strong>δὲ</strong></span> <span class='ocrx_word' id='word_1_69' title='bbox 657 993 952 1078; x_wconf 88' lang='grc' dir='ltr'><strong>ἐμπνευματουμένης</strong></span> <span class='ocrx_word' id='word_1_70' title='bbox 983 997 1036 1076; x_wconf 82' lang='grc' dir='ltr'><strong>τῆς</strong></span> <span class='ocrx_word' id='word_1_71' title='bbox 1069 994 1206 1079; x_wconf 83' lang='grc' dir='ltr'>ἀρτηρίας</span> <span class='ocrx_word' id='word_1_72' title='bbox 1242 992 1298 1055; x_wconf 91' lang='grc' dir='ltr'><strong>ύπδ</strong></span> <span class='ocrx_word' id='word_1_73' title='bbox 1330 996 1382 1056; x_wconf 83' lang='grc' dir='ltr'><strong>τού</strong></span> <span class='ocrx_word' id='word_1_74' title='bbox 1415 993 1498 1065; x_wconf 85' lang='grc' dir='ltr'><strong>ἐκτδς</strong></span> 
     </span>
     <span class='ocr_line' id='line_1_8' title="bbox 140 1094 1499 1179; baseline 0 -21"><span class='ocrx_word' id='word_1_75' title='bbox 140 1150 143 1158; x_wconf 31' lang='grc' dir='ltr'><strong>τ</strong></span> <span class='ocrx_word' id='word_1_76' title='bbox 251 1096 413 1179; x_wconf 91' lang='grc' dir='ltr'><strong>πνεύματος</strong></span> <span class='ocrx_word' id='word_1_77' title='bbox 435 1095 548 1163; x_wconf 84' lang='grc' dir='ltr'><strong>εὐθέως</strong></span> <span class='ocrx_word' id='word_1_78' title='bbox 570 1095 732 1159; x_wconf 79' lang='grc' dir='ltr'><strong>διίστασθαι</strong></span> <span class='ocrx_word' id='word_1_79' title='bbox 755 1097 804 1159; x_wconf 83' lang='grc' dir='ltr'><strong>καὶ</strong></span> <span class='ocrx_word' id='word_1_80' title='bbox 823 1097 864 1165; x_wconf 89' lang='grc' dir='ltr'><strong>είς</strong></span> <span class='ocrx_word' id='word_1_81' title='bbox 886 1097 933 1159; x_wconf 92' lang='grc' dir='ltr'><strong>τδν</strong></span> <span class='ocrx_word' id='word_1_82' title='bbox 956 1096 1102 1178; x_wconf 79' lang='grc' dir='ltr'><strong>πνεύμονα</strong></span> <span class='ocrx_word' id='word_1_83' title='bbox 1124 1095 1317 1159; x_wconf 73' lang='grc' dir='ltr'><strong>διαδίδοσθαι·</strong></span> <span class='ocrx_word' id='word_1_84' title='bbox 1343 1094 1499 1159; x_wconf 91' lang='grc' dir='ltr'><strong>διαδίδοται</strong></span> 
     </span>
     <span class='ocr_line' id='line_1_9' title="bbox 249 1196 1499 1283; baseline 0.002 -24"><span class='ocrx_word' id='word_1_85' title='bbox 249 1197 304 1282; x_wconf 90' lang='grc' dir='ltr'><strong>γάρ</strong></span> <span class='ocrx_word' id='word_1_86' title='bbox 326 1199 359 1261; x_wconf 89' lang='grc' dir='ltr'><strong>τδ</strong></span> <span class='ocrx_word' id='word_1_87' title='bbox 381 1202 494 1280; x_wconf 82' lang='grc' dir='ltr'><strong>πνεῦμα</strong></span> <span class='ocrx_word' id='word_1_88' title='bbox 516 1197 629 1267; x_wconf 82' lang='grc' dir='ltr'><strong>εἰςτὰς</strong></span> <span class='ocrx_word' id='word_1_89' title='bbox 652 1197 752 1261; x_wconf 90' lang='grc' dir='ltr'><strong>τούτου</strong></span> <span class='ocrx_word' id='word_1_90' title='bbox 775 1198 858 1266; x_wconf 86' lang='grc' dir='ltr'><strong>δπάς.</strong></span> <span class='ocrx_word' id='word_1_91' title='bbox 903 1196 967 1283; x_wconf 85' lang='grc' dir='ltr'><strong>ἔχει</strong></span> <span class='ocrx_word' id='word_1_92' title='bbox 993 1198 1046 1283; x_wconf 90' lang='grc' dir='ltr'><strong>γάρ</strong></span> <span class='ocrx_word' id='word_1_93' title='bbox 1070 1199 1085 1261; x_wconf 95' lang='lat'>6</span> <span class='ocrx_word' id='word_1_94' title='bbox 1108 1198 1242 1281; x_wconf 80' lang='grc' dir='ltr'><strong>πνεύμων</strong></span> <span class='ocrx_word' id='word_1_95' title='bbox 1265 1197 1412 1282; x_wconf 82' lang='grc' dir='ltr'><strong>διαφύσεις</strong></span> <span class='ocrx_word' id='word_1_96' title='bbox 1433 1221 1499 1283; x_wconf 88' lang='grc' dir='ltr'><strong>χον-</strong></span> 
     </span>
     <span class='ocr_line' id='line_1_10' title="bbox 249 1299 1498 1386; baseline 0.001 -23"><span class='ocrx_word' id='word_1_97' title='bbox 249 1301 319 1385; x_wconf 91' lang='grc' dir='ltr'><strong>δράς</strong></span> <span class='ocrx_word' id='word_1_98' title='bbox 341 1301 380 1370; x_wconf 88' lang='grc' dir='ltr'><strong>είς</strong></span> <span class='ocrx_word' id='word_1_99' title='bbox 403 1300 452 1370; x_wconf 79' lang='grc' dir='ltr'><strong>δίδ</strong></span> <span class='ocrx_word' id='word_1_100' title='bbox 476 1299 684 1383; x_wconf 73' lang='grc' dir='ltr'><strong>συναγομένας,</strong></span> <span class='ocrx_word' id='word_1_101' title='bbox 712 1301 746 1363; x_wconf 87' lang='grc' dir='ltr'><strong>ἐκ</strong></span> <span class='ocrx_word' id='word_1_102' title='bbox 772 1301 805 1363; x_wconf 81' lang='grc' dir='ltr'><strong>δέ</strong></span> <span class='ocrx_word' id='word_1_103' title='bbox 832 1304 890 1363; x_wconf 86' lang='grc' dir='ltr'><strong>τῶν</strong></span> <span class='ocrx_word' id='word_1_104' title='bbox 913 1299 1076 1386; x_wconf 89' lang='grc' dir='ltr'><strong>διαφύσεων</strong></span> <span class='ocrx_word' id='word_1_105' title='bbox 1098 1300 1134 1363; x_wconf 91' lang='grc' dir='ltr'><strong>τά</strong></span> <span class='ocrx_word' id='word_1_106' title='bbox 1155 1301 1287 1385; x_wconf 79' lang='grc' dir='ltr'><strong>τρήματα</strong></span> <span class='ocrx_word' id='word_1_107' title='bbox 1309 1299 1342 1363; x_wconf 79' lang='grc' dir='ltr'><strong>ἐκ</strong></span> <span class='ocrx_word' id='word_1_108' title='bbox 1365 1302 1498 1385; x_wconf 75' lang='grc' dir='ltr'><strong>μεγάλων</strong></span> 
     </span>
     <span class='ocr_line' id='line_1_11' title="bbox 212 1401 1499 1489; baseline 0.005 -27"><span class='ocrx_word' id='word_1_109' title='bbox 212 1419 237 1463; x_wconf 92' lang='lat'><strong>10</strong></span> <span class='ocrx_word' id='word_1_110' title='bbox 250 1404 291 1473; x_wconf 84' lang='grc' dir='ltr'><strong>είς</strong></span> <span class='ocrx_word' id='word_1_111' title='bbox 317 1404 458 1489; x_wconf 87' lang='grc' dir='ltr'><strong>ἐλάχιστα</strong></span> <span class='ocrx_word' id='word_1_112' title='bbox 485 1403 681 1484; x_wconf 88' lang='grc' dir='ltr'><strong>διαδιδόμενα·</strong></span> <span class='ocrx_word' id='word_1_113' title='bbox 715 1401 778 1488; x_wconf 86' lang='grc' dir='ltr'><strong>ἔχει</strong></span> <span class='ocrx_word' id='word_1_114' title='bbox 805 1404 837 1466; x_wconf 82' lang='grc' dir='ltr'><strong>δέ</strong></span> <span class='ocrx_word' id='word_1_115' title='bbox 866 1405 914 1466; x_wconf 89' lang='grc' dir='ltr'><strong>καὶ</strong></span> <span class='ocrx_word' id='word_1_116' title='bbox 943 1403 1077 1488; x_wconf 84' lang='grc' dir='ltr'><strong>ἐκφύσεις</strong></span> <span class='ocrx_word' id='word_1_117' title='bbox 1105 1406 1124 1486; x_wconf 82' lang='grc' dir='ltr'>ἡ</span> <span class='ocrx_word' id='word_1_118' title='bbox 1155 1402 1348 1488; x_wconf 78' lang='grc' dir='ltr'><strong>προειρημένη</strong></span> <span class='ocrx_word' id='word_1_119' title='bbox 1378 1405 1499 1489; x_wconf 82' lang='grc' dir='ltr'>ἀρτηρία</span> 
     </span>
     <span class='ocr_line' id='line_1_12' title="bbox 251 1505 1498 1590; baseline 0.002 -22"><span class='ocrx_word' id='word_1_120' title='bbox 251 1506 476 1590; x_wconf 87' lang='grc' dir='ltr'><strong>προσηνωμένας</strong></span> <span class='ocrx_word' id='word_1_121' title='bbox 497 1530 534 1590; x_wconf 88' lang='grc' dir='ltr'><strong>τη</strong></span> <span class='ocrx_word' id='word_1_122' title='bbox 558 1506 675 1589; x_wconf 79' lang='grc' dir='ltr'><strong>καρδίη,</strong></span> <span class='ocrx_word' id='word_1_123' title='bbox 703 1506 813 1576; x_wconf 86' lang='grc' dir='ltr'><strong>ίνώδεις</strong></span> <span class='ocrx_word' id='word_1_124' title='bbox 839 1505 900 1590; x_wconf 84' lang='grc' dir='ltr'><strong>(καὶ</strong></span> <span class='ocrx_word' id='word_1_125' title='bbox 926 1505 1113 1590; x_wconf 82' lang='grc' dir='ltr'><strong>χονδρώδεις]</strong></span> <span class='ocrx_word' id='word_1_126' title='bbox 1140 1507 1188 1569; x_wconf 83' lang='grc' dir='ltr'><strong>καὶ</strong></span> <span class='ocrx_word' id='word_1_127' title='bbox 1210 1508 1396 1588; x_wconf 85' lang='grc' dir='ltr'><strong>πιμελώδεις·</strong></span> <span class='ocrx_word' id='word_1_128' title='bbox 1429 1506 1498 1571; x_wconf 75' lang='grc' dir='ltr'><strong>καθ’</strong></span> 
     </span>
     <span class='ocr_line' id='line_1_13' title="bbox 155 1595 1500 1693; baseline -0.002 -20"><span class='ocrx_word' id='word_1_129' title='bbox 155 1595 159 1602; x_wconf 39' lang='grc'><strong>’</strong></span> <span class='ocrx_word' id='word_1_130' title='bbox 197 1666 201 1673; x_wconf 97' lang='grc'><em>.</em></span> <span class='ocrx_word' id='word_1_131' title='bbox 251 1609 324 1673; x_wconf 83' lang='grc' dir='ltr'><strong>ἀδὲ</strong></span> <span class='ocrx_word' id='word_1_132' title='bbox 348 1608 422 1693; x_wconf 88' lang='grc' dir='ltr'><strong>μέρη</strong></span> <span class='ocrx_word' id='word_1_133' title='bbox 449 1609 624 1692; x_wconf 77' lang='grc' dir='ltr'><strong>συνηνωται,</strong></span> <span class='ocrx_word' id='word_1_134' title='bbox 652 1609 746 1672; x_wconf 89' lang='grc' dir='ltr'><strong>κοιλία</strong></span> <span class='ocrx_word' id='word_1_135' title='bbox 772 1609 857 1672; x_wconf 87' lang='grc' dir='ltr'><strong>ἐστίν.</strong></span> <span class='ocrx_word' id='word_1_136' title='bbox 902 1608 971 1672; x_wconf 92' lang='grc' dir='ltr'><strong>όθεν</strong></span> <span class='ocrx_word' id='word_1_137' title='bbox 997 1608 1288 1693; x_wconf 85' lang='grc' dir='ltr'><strong>ἐμπνευματουμένης</strong></span> <span class='ocrx_word' id='word_1_138' title='bbox 1314 1614 1367 1693; x_wconf 82' lang='grc' dir='ltr'><strong>τῆς</strong></span> <span class='ocrx_word' id='word_1_139' title='bbox 1391 1608 1500 1678; x_wconf 89' lang='grc' dir='ltr'><strong>κοιλίας</strong></span> 
     </span>
     <span class='ocr_line' id='line_1_14' title="bbox 251 1708 1507 1797; baseline -0.003 -20"><span class='ocrx_word' id='word_1_140' title='bbox 251 1712 443 1777; x_wconf 91' lang='grc' dir='ltr'><strong>συνδιίσταται</strong></span> <span class='ocrx_word' id='word_1_141' title='bbox 465 1713 484 1795; x_wconf 79' lang='grc' dir='ltr'>ἡ</span> <span class='ocrx_word' id='word_1_142' title='bbox 507 1711 624 1794; x_wconf 84' lang='grc' dir='ltr'><strong>καρδία,</strong></span> <span class='ocrx_word' id='word_1_143' title='bbox 653 1712 741 1794; x_wconf 79' lang='grc' dir='ltr'><strong>δῆλον</strong></span> <span class='ocrx_word' id='word_1_144' title='bbox 765 1715 805 1781; x_wconf 90' lang='grc' dir='ltr'><strong>ώς</strong></span> <span class='ocrx_word' id='word_1_145' title='bbox 825 1711 971 1797; x_wconf 81' lang='grc' dir='ltr'><strong>δεχομένη</strong></span> <span class='ocrx_word' id='word_1_146' title='bbox 993 1712 1026 1774; x_wconf 90' lang='grc' dir='ltr'><strong>τδ</strong></span> <span class='ocrx_word' id='word_1_147' title='bbox 1048 1715 1162 1794; x_wconf 81' lang='grc' dir='ltr'><strong>πνεῦμα</strong></span> <span class='ocrx_word' id='word_1_148' title='bbox 1183 1710 1250 1797; x_wconf 83' lang='grc' dir='ltr'><strong>παρ’</strong></span> <span class='ocrx_word' id='word_1_149' title='bbox 1271 1710 1371 1794; x_wconf 75' lang='grc' dir='ltr'><strong>αὐτῆς.</strong></span> <span class='ocrx_word' id='word_1_150' title='bbox 1416 1708 1507 1774; x_wconf 82' lang='grc' dir='ltr'><strong>τοῦτο’</strong></span> 
     </span>
     <span class='ocr_line' id='line_1_15' title="bbox 252 1812 1500 1898; baseline -0.002 -20"><span class='ocrx_word' id='word_1_151' title='bbox 252 1815 284 1878; x_wconf 83' lang='grc' dir='ltr'><strong>δὲ</strong></span> <span class='ocrx_word' id='word_1_152' title='bbox 306 1815 485 1897; x_wconf 89' lang='grc' dir='ltr'><strong>τεθεώρηται</strong></span> <span class='ocrx_word' id='word_1_153' title='bbox 507 1813 633 1876; x_wconf 82' lang='grc' dir='ltr'><strong>ἐπὶτῶν</strong></span> <span class='ocrx_word' id='word_1_154' title='bbox 657 1813 796 1897; x_wconf 77' lang='grc' dir='ltr'><strong>μειζόνων</strong></span> <span class='ocrx_word' id='word_1_155' title='bbox 819 1815 980 1897; x_wconf 84' lang='grc' dir='ltr'><strong>ἀνατομῶν.</strong></span> <span class='ocrx_word' id='word_1_156' title='bbox 1080 1814 1152 1897; x_wconf 83' lang='lat'>(15)</span> <span class='ocrx_word' id='word_1_157' title='bbox 1181 1816 1200 1897; x_wconf 82' lang='grc' dir='ltr'><strong>ἡ</strong></span> <span class='ocrx_word' id='word_1_158' title='bbox 1228 1815 1279 1897; x_wconf 79' lang='grc' dir='ltr'><strong>μέν</strong></span> <span class='ocrx_word' id='word_1_159' title='bbox 1307 1812 1357 1878; x_wconf 87' lang='grc' dir='ltr'><strong>ούν</strong></span> <span class='ocrx_word' id='word_1_160' title='bbox 1380 1813 1500 1898; x_wconf 85' lang='grc' dir='ltr'>ἀρτηρία</span> 
     </span>
     <span class='ocr_line' id='line_1_16' title="bbox 213 1914 1500 2002; baseline 0.002 -25"><span class='ocrx_word' id='word_1_161' title='bbox 213 1933 239 1978; x_wconf 78' lang='lat'><strong>15</strong></span> <span class='ocrx_word' id='word_1_162' title='bbox 252 1923 351 1981; x_wconf 84' lang='grc' dir='ltr'><strong>τοῦτον</strong></span> <span class='ocrx_word' id='word_1_163' title='bbox 378 1915 442 2001; x_wconf 85' lang='grc' dir='ltr'><strong>ἔχει</strong></span> <span class='ocrx_word' id='word_1_164' title='bbox 469 1916 517 1978; x_wconf 91' lang='grc' dir='ltr'><strong>τδν</strong></span> <span class='ocrx_word' id='word_1_165' title='bbox 543 1914 648 1999; x_wconf 82' lang='grc' dir='ltr'><strong>τρόπον</strong></span> <span class='ocrx_word' id='word_1_166' title='bbox 675 1917 722 1984; x_wconf 81' lang='grc' dir='ltr'><strong>καὶ</strong></span> <span class='ocrx_word' id='word_1_167' title='bbox 750 1917 843 1985; x_wconf 85' lang='grc' dir='ltr'><strong>οότως</strong></span> <span class='ocrx_word' id='word_1_168' title='bbox 864 1917 980 2002; x_wconf 88' lang='grc' dir='ltr'><strong>δέχεται</strong></span> <span class='ocrx_word' id='word_1_169' title='bbox 1003 1918 1035 1980; x_wconf 90' lang='grc' dir='ltr'><strong>τδ</strong></span> <span class='ocrx_word' id='word_1_170' title='bbox 1059 1920 1171 2000; x_wconf 82' lang='grc' dir='ltr'><strong>πνεῦμα</strong></span> <span class='ocrx_word' id='word_1_171' title='bbox 1194 1918 1241 1980; x_wconf 86' lang='grc' dir='ltr'><strong>καὶ</strong></span> <span class='ocrx_word' id='word_1_172' title='bbox 1263 1917 1395 2000; x_wconf 85' lang='grc' dir='ltr'><strong>ἀφίησιν·</strong></span> <span class='ocrx_word' id='word_1_173' title='bbox 1429 1915 1500 1979; x_wconf 86' lang='grc' dir='ltr'><strong>ἀλλο</strong></span> 
     </span>
     <span class='ocr_line' id='line_1_17' title="bbox 252 2016 1500 2105; baseline -0.002 -21"><span class='ocrx_word' id='word_1_174' title='bbox 252 2023 284 2084; x_wconf 84' lang='grc' dir='ltr'><strong>δὲ</strong></span> <span class='ocrx_word' id='word_1_175' title='bbox 306 2018 371 2082; x_wconf 90' lang='grc' dir='ltr'><strong>ούτε</strong></span> <span class='ocrx_word' id='word_1_176' title='bbox 394 2018 478 2102; x_wconf 90' lang='grc' dir='ltr'><strong>ύγρδν</strong></span> <span class='ocrx_word' id='word_1_177' title='bbox 501 2017 584 2081; x_wconf 82' lang='grc' dir='ltr'><strong>οὐδὲν</strong></span> <span class='ocrx_word' id='word_1_178' title='bbox 606 2016 673 2081; x_wconf 88' lang='grc' dir='ltr'><strong>ούτε</strong></span> <span class='ocrx_word' id='word_1_179' title='bbox 696 2017 779 2102; x_wconf 83' lang='grc' dir='ltr'><strong>ίηρδν</strong></span> <span class='ocrx_word' id='word_1_180' title='bbox 802 2019 979 2105; x_wconf 88' lang='grc' dir='ltr'><strong>ἐπιδέχεται·</strong></span> <span class='ocrx_word' id='word_1_181' title='bbox 1009 2021 1029 2103; x_wconf 87' lang='grc' dir='ltr'><strong>ίη</strong></span> <span class='ocrx_word' id='word_1_182' title='bbox 1052 2020 1084 2082; x_wconf 86' lang='grc' dir='ltr'><strong>δέ</strong></span> <span class='ocrx_word' id='word_1_183' title='bbox 1105 2018 1246 2104; x_wconf 73' lang='grc' dir='ltr'><strong>δεξαμένη</strong></span> <span class='ocrx_word' id='word_1_184' title='bbox 1269 2018 1355 2082; x_wconf 89' lang='grc' dir='ltr'><strong>πόνον</strong></span> <span class='ocrx_word' id='word_1_185' title='bbox 1378 2020 1500 2104; x_wconf 85' lang='grc' dir='ltr'><strong>παρέχει</strong></span> 
     </span>
     <span class='ocr_line' id='line_1_18' title="bbox 252 2119 973 2207; baseline -0.004 -21"><span class='ocrx_word' id='word_1_186' title='bbox 252 2123 308 2192; x_wconf 85' lang='grc' dir='ltr'><strong>έως</strong></span> <span class='ocrx_word' id='word_1_187' title='bbox 330 2120 364 2184; x_wconf 88' lang='grc' dir='ltr'><strong>ού</strong></span> <span class='ocrx_word' id='word_1_188' title='bbox 387 2119 518 2204; x_wconf 79' lang='grc' dir='ltr'><strong>ἀναβηίη</strong></span> <span class='ocrx_word' id='word_1_189' title='bbox 540 2121 589 2183; x_wconf 84' lang='grc' dir='ltr'><strong>καὶ</strong></span> <span class='ocrx_word' id='word_1_190' title='bbox 611 2122 743 2207; x_wconf 85' lang='grc' dir='ltr'><strong>ἀναβαλη</strong></span> <span class='ocrx_word' id='word_1_191' title='bbox 767 2123 799 2184; x_wconf 89' lang='grc' dir='ltr'><strong>τδ</strong></span> <span class='ocrx_word' id='word_1_192' title='bbox 822 2122 973 2186; x_wconf 88' lang='grc' dir='ltr'><strong>κατελθόν.</strong></span> 
     </span>
     <span class='ocr_line' id='line_1_19' title="bbox 335 2220 1501 2309; baseline 0 -22"><span class='ocrx_word' id='word_1_193' title='bbox 335 2223 406 2307; x_wconf 82' lang='grc'>(16)</span> <span class='ocrx_word' id='word_1_194' title='bbox 435 2220 471 2286; x_wconf 85' lang='grc' dir='ltr'>Ὁ</span> <span class='ocrx_word' id='word_1_195' title='bbox 495 2224 527 2285; x_wconf 85' lang='grc' dir='ltr'><strong>δέ</strong></span> <span class='ocrx_word' id='word_1_196' title='bbox 549 2223 696 2309; x_wconf 78' lang='grc' dir='ltr'><strong>στόμαχος</strong></span> <span class='ocrx_word' id='word_1_197' title='bbox 717 2226 765 2287; x_wconf 90' lang='grc' dir='ltr'><strong>καὶ</strong></span> <span class='ocrx_word' id='word_1_198' title='bbox 787 2225 874 2294; x_wconf 82' lang='grc' dir='ltr'><strong>αύτδς</strong></span> <span class='ocrx_word' id='word_1_199' title='bbox 895 2224 1008 2289; x_wconf 92' lang='grc' dir='ltr'><strong>ἀνωθεν</strong></span> <span class='ocrx_word' id='word_1_200' title='bbox 1031 2224 1109 2309; x_wconf 87' lang='grc' dir='ltr'><strong>ἔχων</strong></span> <span class='ocrx_word' id='word_1_201' title='bbox 1132 2224 1190 2288; x_wconf 89' lang='grc' dir='ltr'><strong>ἀπδ</strong></span> <span class='ocrx_word' id='word_1_202' title='bbox 1213 2230 1265 2308; x_wconf 79' lang='grc' dir='ltr'><strong>τῆς</strong></span> <span class='ocrx_word' id='word_1_203' title='bbox 1290 2225 1501 2307; x_wconf 86' lang='grc' dir='ltr'><strong>ἐπιγλωττίδος,</strong></span> 
     </span>
     <span class='ocr_line' id='line_1_20' title="bbox 253 2323 1502 2413; baseline -0.001 -23"><span class='ocrx_word' id='word_1_204' title='bbox 253 2331 294 2396; x_wconf 90' lang='grc' dir='ltr'><strong>ώς</strong></span> <span class='ocrx_word' id='word_1_205' title='bbox 321 2330 472 2411; x_wconf 83' lang='grc' dir='ltr'><strong>προεῖπον,</strong></span> <span class='ocrx_word' id='word_1_206' title='bbox 499 2323 599 2410; x_wconf 80' lang='grc' dir='ltr'><strong>ἔχεται</strong></span> <span class='ocrx_word' id='word_1_207' title='bbox 621 2333 673 2410; x_wconf 77' lang='grc' dir='ltr'><strong>τῆς</strong></span> <span class='ocrx_word' id='word_1_208' title='bbox 694 2329 829 2412; x_wconf 87' lang='grc' dir='ltr'><strong>τραχείας</strong></span> <span class='ocrx_word' id='word_1_209' title='bbox 851 2328 1000 2413; x_wconf 90' lang='grc' dir='ltr'><strong>ἀρτηρίας,</strong></span> <span class='ocrx_word' id='word_1_210' title='bbox 1028 2327 1154 2411; x_wconf 79' lang='grc' dir='ltr'><strong>συνεχὴς</strong></span> <span class='ocrx_word' id='word_1_211' title='bbox 1181 2329 1222 2390; x_wconf 84' lang='grc' dir='ltr'><strong>ὢν</strong></span> <span class='ocrx_word' id='word_1_212' title='bbox 1248 2331 1286 2410; x_wconf 77' lang='grc' dir='ltr'><strong>τῇ</strong></span> <span class='ocrx_word' id='word_1_213' title='bbox 1310 2329 1394 2413; x_wconf 80' lang='grc' dir='ltr'><strong>ράχει</strong></span> <span class='ocrx_word' id='word_1_214' title='bbox 1417 2328 1502 2410; x_wconf 86' lang='grc' dir='ltr'><strong>ὑμέσι</strong></span> 
     </span>
     <span class='ocr_line' id='line_1_21' title="bbox 213 2429 1501 2514; baseline 0.002 -24"><span class='ocrx_word' id='word_1_215' title='bbox 213 2446 240 2490; x_wconf 83' lang='grc' dir='ltr'><strong>νο</strong></span> <span class='ocrx_word' id='word_1_216' title='bbox 253 2433 382 2508; x_wconf 88' lang='grc' dir='ltr'><strong>λεπτοῖς,</strong></span> <span class='ocrx_word' id='word_1_217' title='bbox 411 2429 586 2512; x_wconf 77' lang='grc' dir='ltr'><strong>ἀποτελευτᾷ</strong></span> <span class='ocrx_word' id='word_1_218' title='bbox 615 2430 647 2492; x_wconf 85' lang='grc' dir='ltr'><strong>δέ</strong></span> <span class='ocrx_word' id='word_1_219' title='bbox 675 2431 721 2493; x_wconf 92' lang='grc' dir='ltr'><strong>διά</strong></span> <span class='ocrx_word' id='word_1_220' title='bbox 747 2435 798 2494; x_wconf 83' lang='grc' dir='ltr'><strong>τού</strong></span> <span class='ocrx_word' id='word_1_221' title='bbox 824 2434 957 2514; x_wconf 77' lang='grc' dir='ltr'><strong>ζώματος</strong></span> <span class='ocrx_word' id='word_1_222' title='bbox 984 2431 1025 2499; x_wconf 84' lang='grc' dir='ltr'><strong>είς</strong></span> <span class='ocrx_word' id='word_1_223' title='bbox 1052 2431 1104 2514; x_wconf 75' lang='grc' dir='ltr'><strong>την</strong></span> <span class='ocrx_word' id='word_1_224' title='bbox 1132 2431 1240 2494; x_wconf 91' lang='grc' dir='ltr'><strong>κοιλίαν</strong></span> <span class='ocrx_word' id='word_1_225' title='bbox 1265 2430 1318 2513; x_wconf 84' lang='grc' dir='ltr'><strong>τὴν</strong></span> <span class='ocrx_word' id='word_1_226' title='bbox 1343 2430 1501 2514; x_wconf 87' lang='grc' dir='ltr'><strong>λεγομένην</strong></span> 
     </span>
     <span class='ocr_line' id='line_1_22' title="bbox 255 2532 1503 2618; baseline -0.001 -22"><span class='ocrx_word' id='word_1_227' title='bbox 255 2533 331 2606; x_wconf 88' lang='grc' dir='ltr'><strong>ἀνω,</strong></span> <span class='ocrx_word' id='word_1_228' title='bbox 358 2534 503 2616; x_wconf 80' lang='grc' dir='ltr'><strong>νευρώδης</strong></span> <span class='ocrx_word' id='word_1_229' title='bbox 530 2533 570 2594; x_wconf 83' lang='grc' dir='ltr'><strong>ὢν</strong></span> <span class='ocrx_word' id='word_1_230' title='bbox 598 2538 634 2614; x_wconf 77' lang='grc' dir='ltr'><strong>τῇ</strong></span> <span class='ocrx_word' id='word_1_231' title='bbox 658 2532 742 2618; x_wconf 90' lang='grc' dir='ltr'><strong>φύσει</strong></span> <span class='ocrx_word' id='word_1_232' title='bbox 764 2534 812 2597; x_wconf 80' lang='grc' dir='ltr'><strong>καί</strong></span> <span class='ocrx_word' id='word_1_233' title='bbox 835 2534 915 2596; x_wconf 84' lang='grc' dir='ltr'><strong>τάσιν</strong></span> <span class='ocrx_word' id='word_1_234' title='bbox 938 2532 1026 2618; x_wconf 86' lang='grc' dir='ltr'><strong>ἔχων.</strong></span> <span class='ocrx_word' id='word_1_235' title='bbox 1126 2532 1199 2616; x_wconf 79' lang='grc'>(17)</span> <span class='ocrx_word' id='word_1_236' title='bbox 1227 2533 1302 2616; x_wconf 78' lang='grc' dir='ltr'><strong>ἡδὲ</strong></span> <span class='ocrx_word' id='word_1_237' title='bbox 1324 2532 1385 2596; x_wconf 89' lang='grc' dir='ltr'><strong>ἀνω</strong></span> <span class='ocrx_word' id='word_1_238' title='bbox 1409 2534 1503 2596; x_wconf 90' lang='grc' dir='ltr'><strong>κοιλία</strong></span> 
     </span>
     <span class='ocr_line' id='line_1_23' title="bbox 255 2630 1503 2722; baseline -0.002 -22"><span class='ocrx_word' id='word_1_239' title='bbox 255 2635 340 2717; x_wconf 84' lang='grc' dir='ltr'><strong>ὁμοία</strong></span> <span class='ocrx_word' id='word_1_240' title='bbox 367 2630 428 2697; x_wconf 74' lang='grc' dir='ltr'><strong>ἐατὶ</strong></span> <span class='ocrx_word' id='word_1_241' title='bbox 455 2639 492 2717; x_wconf 76' lang='grc' dir='ltr'><strong>τῇ</strong></span> <span class='ocrx_word' id='word_1_242' title='bbox 520 2636 618 2718; x_wconf 80' lang='grc' dir='ltr'><strong>κυνείηι</strong></span> <span class='ocrx_word' id='word_1_243' title='bbox 643 2636 751 2719; x_wconf 75' lang='grc' dir='ltr'><strong>κοιλία·</strong></span> <span class='ocrx_word' id='word_1_244' title='bbox 785 2635 819 2697; x_wconf 86' lang='grc' dir='ltr'><strong>οὐ</strong></span> <span class='ocrx_word' id='word_1_245' title='bbox 846 2637 900 2721; x_wconf 88' lang='grc' dir='ltr'><strong>γάρ</strong></span> <span class='ocrx_word' id='word_1_246' title='bbox 923 2639 1023 2719; x_wconf 81' lang='grc' dir='ltr'><strong>πολλῷ</strong></span> <span class='ocrx_word' id='word_1_247' title='bbox 1047 2641 1098 2722; x_wconf 77' lang='grc' dir='ltr'><strong>τοῦ</strong></span> <span class='ocrx_word' id='word_1_248' title='bbox 1120 2635 1234 2720; x_wconf 87' lang='grc' dir='ltr'><strong>ἐντέρου</strong></span> <span class='ocrx_word' id='word_1_249' title='bbox 1256 2637 1340 2720; x_wconf 77' lang='grc' dir='ltr'><strong>ἡμῶν</strong></span> <span class='ocrx_word' id='word_1_250' title='bbox 1363 2635 1503 2721; x_wconf 81' lang='grc' dir='ltr'><strong>εὐρυτέρα</strong></span> 
     </span>
     <span class='ocr_line' id='line_1_24' title="bbox 151 2734 1503 2824; baseline -0.001 -22"><span class='ocrx_word' id='word_1_251' title='bbox 151 2783 156 2791; x_wconf 93' lang='grc'><strong>-</strong></span> <span class='ocrx_word' id='word_1_252' title='bbox 255 2738 345 2814; x_wconf 89' lang='grc' dir='ltr'><strong>ἐστίν,</strong></span> <span class='ocrx_word' id='word_1_253' title='bbox 372 2734 435 2799; x_wconf 85' lang='grc' dir='ltr'><strong>ἀλλ’</strong></span> <span class='ocrx_word' id='word_1_254' title='bbox 457 2737 516 2798; x_wconf 88' lang='grc' dir='ltr'><strong>οίον</strong></span> <span class='ocrx_word' id='word_1_255' title='bbox 543 2735 655 2821; x_wconf 87' lang='grc' dir='ltr'><strong>ἔντερον</strong></span> <span class='ocrx_word' id='word_1_256' title='bbox 678 2737 762 2821; x_wconf 87' lang='grc' dir='ltr'><strong>εύρος</strong></span> <span class='ocrx_word' id='word_1_257' title='bbox 783 2737 852 2823; x_wconf 88' lang='grc' dir='ltr'><strong>ἔχον</strong></span> <span class='ocrx_word' id='word_1_258' title='bbox 875 2739 943 2803; x_wconf 88' lang='grc' dir='ltr'><strong>ἐστί.</strong></span> <span class='ocrx_word' id='word_1_259' title='bbox 988 2740 1036 2802; x_wconf 90' lang='grc' dir='ltr'><strong>διά</strong></span> <span class='ocrx_word' id='word_1_260' title='bbox 1058 2740 1090 2802; x_wconf 85' lang='grc' dir='ltr'><strong>δὲ</strong></span> <span class='ocrx_word' id='word_1_261' title='bbox 1112 2740 1144 2801; x_wconf 92' lang='grc' dir='ltr'><strong>τδ</strong></span> <span class='ocrx_word' id='word_1_262' title='bbox 1168 2739 1300 2823; x_wconf 89' lang='grc' dir='ltr'><strong>τοιαύτην</strong></span> <span class='ocrx_word' id='word_1_263' title='bbox 1323 2736 1401 2824; x_wconf 85' lang='grc' dir='ltr'><strong>ἔχειν</strong></span> <span class='ocrx_word' id='word_1_264' title='bbox 1424 2741 1503 2822; x_wconf 75' lang='grc' dir='ltr'><strong>ἡμᾶς</strong></span> 
     </span>
     <span class='ocr_line' id='line_1_25' title="bbox 254 2839 1502 2927; baseline 0.001 -24"><span class='ocrx_word' id='word_1_265' title='bbox 254 2842 306 2923; x_wconf 83' lang='grc' dir='ltr'><strong>τὴν</strong></span> <span class='ocrx_word' id='word_1_266' title='bbox 333 2840 393 2903; x_wconf 89' lang='grc' dir='ltr'><strong>ἀνω</strong></span> <span class='ocrx_word' id='word_1_267' title='bbox 421 2840 530 2902; x_wconf 90' lang='grc' dir='ltr'><strong>κοιλίαν</strong></span> <span class='ocrx_word' id='word_1_268' title='bbox 558 2840 644 2923; x_wconf 91' lang='grc' dir='ltr'><strong>μόνος</strong></span> <span class='ocrx_word' id='word_1_269' title='bbox 671 2842 687 2903; x_wconf 99' lang='lat'>6</span> <span class='ocrx_word' id='word_1_270' title='bbox 710 2840 863 2926; x_wconf 80' lang='grc' dir='ltr'><strong>ἅνθρωπος</strong></span> <span class='ocrx_word' id='word_1_271' title='bbox 885 2843 933 2904; x_wconf 88' lang='grc' dir='ltr'><strong>καὶ</strong></span> <span class='ocrx_word' id='word_1_272' title='bbox 955 2842 971 2903; x_wconf 95' lang='lat'>6</span> <span class='ocrx_word' id='word_1_273' title='bbox 994 2841 1071 2904; x_wconf 92' lang='grc' dir='ltr'><strong>κύων</strong></span> <span class='ocrx_word' id='word_1_274' title='bbox 1094 2842 1169 2926; x_wconf 81' lang='grc' dir='ltr'><strong>ἐρεῖ.</strong></span> <span class='ocrx_word' id='word_1_275' title='bbox 1214 2847 1316 2925; x_wconf 82' lang='grc' dir='ltr'><strong>στενῆς</strong></span> <span class='ocrx_word' id='word_1_276' title='bbox 1336 2843 1390 2927; x_wconf 88' lang='grc' dir='ltr'>γάρ</span> <span class='ocrx_word' id='word_1_277' title='bbox 1413 2839 1502 2925; x_wconf 88' lang='grc' dir='ltr'><strong>ούσης</strong></span> 
     </span>
    </p>
   </div>
   <div class='ocr_carea' id='block_1_3' title="bbox 202 3043 1559 3553">
    <p class='ocr_par' dir='ltr' id='par_1_3' title="bbox 202 3043 1558 3292">
     <span class='ocr_line' id='line_1_26' title="bbox 202 3043 1557 3117; baseline -0.001 -17"><span class='ocrx_word' id='word_1_278' title='bbox 202 3049 218 3100; x_wconf 79' lang='lat'><strong>‘2</strong></span> <span class='ocrx_word' id='word_1_279' title='bbox 243 3046 305 3115; x_wconf 82' lang='grc' dir='ltr'><strong>ἔστι]</strong></span> <span class='ocrx_word' id='word_1_280' title='bbox 325 3046 406 3099; x_wconf 80' lang='lat' dir='ltr'><strong>Arist.</strong></span> <span class='ocrx_word' id='word_1_281' title='bbox 418 3046 479 3097; x_wconf 64' lang='lat' dir='ltr'><strong>hist.</strong></span> <span class='ocrx_word' id='word_1_282' title='bbox 492 3045 572 3097; x_wconf 77' lang='lat' dir='ltr'><strong>anim.</strong></span> <span class='ocrx_word' id='word_1_283' title='bbox 586 3043 608 3097; x_wconf 85' lang='grc' dir='ltr'><strong>Λ</strong></span> <span class='ocrx_word' id='word_1_284' title='bbox 622 3046 652 3097; x_wconf 85' lang='grc' dir='ltr'><strong>ίθ</strong></span> <span class='ocrx_word' id='word_1_285' title='bbox 671 3061 696 3112; x_wconf 93' lang='lat' dir='ltr'><strong>p.</strong></span> <span class='ocrx_word' id='word_1_286' title='bbox 708 3045 816 3098; x_wconf 64' lang='lat' dir='ltr'><strong>495⁵?ss</strong></span> <span class='ocrx_word' id='word_1_287' title='bbox 841 3046 892 3098; x_wconf 85' lang='grc' dir='ltr'><strong>ίστι</strong></span> <span class='ocrx_word' id='word_1_288' title='bbox 914 3045 966 3115; x_wconf 78' lang='grc' dir='ltr'><strong>δί]</strong></span> <span class='ocrx_word' id='word_1_289' title='bbox 990 3048 1035 3114; x_wconf 85' lang='grc' dir='ltr'><strong>μὲν</strong></span> <span class='ocrx_word' id='word_1_290' title='bbox 1057 3046 1161 3116; x_wconf 89' lang='grc' dir='ltr'><strong>ἀρτηρία</strong></span> <span class='ocrx_word' id='word_1_291' title='bbox 1184 3045 1328 3116; x_wconf 89' lang='grc' dir='ltr'><strong>χονδρώδης</strong></span> <span class='ocrx_word' id='word_1_292' title='bbox 1350 3047 1397 3117; x_wconf 75' lang='grc' dir='ltr'><strong>τὴν</strong></span> <span class='ocrx_word' id='word_1_293' title='bbox 1420 3045 1491 3116; x_wconf 91' lang='grc' dir='ltr'><strong>φύσιν</strong></span> <span class='ocrx_word' id='word_1_294' title='bbox 1514 3048 1557 3099; x_wconf 86' lang='grc' dir='ltr'><strong>καὶ</strong></span> 
     </span>
     <span class='ocr_line' id='line_1_27' title="bbox 202 3132 1558 3204; baseline -0.001 -16"><span class='ocrx_word' id='word_1_295' title='bbox 202 3135 328 3204; x_wconf 87' lang='grc' dir='ltr'><strong>ύλίγαιμος</strong></span> <span class='ocrx_word' id='word_1_296' title='bbox 440 3132 456 3184; x_wconf 90' lang='grc'>3</span> <span class='ocrx_word' id='word_1_297' title='bbox 480 3132 556 3202; x_wconf 84' lang='grc' dir='ltr'><strong>μέση]</strong></span> <span class='ocrx_word' id='word_1_298' title='bbox 575 3133 656 3185; x_wconf 77' lang='lat' dir='ltr'>Arist.</span> <span class='ocrx_word' id='word_1_299' title='bbox 674 3134 690 3186; x_wconf 94' lang='lat' dir='ltr'><strong>l.</strong></span> <span class='ocrx_word' id='word_1_300' title='bbox 704 3150 726 3185; x_wconf 85' lang='grc' dir='ltr'><strong>ο.</strong></span> <span class='ocrx_word' id='word_1_301' title='bbox 745 3132 891 3202; x_wconf 70' lang='lat' dir='ltr'><strong>p.495=‘27</strong></span> <span class='ocrx_word' id='word_1_302' title='bbox 915 3132 1007 3201; x_wconf 81' lang='grc' dir='ltr'><strong>μεταξὺ</strong></span> <span class='ocrx_word' id='word_1_303' title='bbox 1026 3133 1045 3185; x_wconf 83' lang='grc' dir='ltr'><strong>δ’</strong></span> <span class='ocrx_word' id='word_1_304' title='bbox 1061 3133 1113 3203; x_wconf 81' lang='grc' dir='ltr'><strong>ἔχει</strong></span> <span class='ocrx_word' id='word_1_305' title='bbox 1131 3140 1182 3185; x_wconf 84' lang='grc' dir='ltr'><strong>τῶν</strong></span> <span class='ocrx_word' id='word_1_306' title='bbox 1201 3135 1312 3203; x_wconf 78' lang='grc' dir='ltr'><strong>τρησεων</strong></span> <span class='ocrx_word' id='word_1_307' title='bbox 1329 3135 1376 3204; x_wconf 85' lang='grc' dir='ltr'><strong>τὴν</strong></span> <span class='ocrx_word' id='word_1_308' title='bbox 1394 3134 1558 3204; x_wconf 75' lang='grc' dir='ltr'><strong>ἐπιγλωττίδα</strong></span> 
     </span>
     <span class='ocr_line' id='line_1_28' title="bbox 202 3219 1479 3292; baseline -0.001 -18"><span class='ocrx_word' id='word_1_309' title='bbox 202 3222 368 3290; x_wconf 84' lang='grc' dir='ltr'><strong>καλουμένην,</strong></span> <span class='ocrx_word' id='word_1_310' title='bbox 386 3219 576 3273; x_wconf 84' lang='grc' dir='ltr'><strong>ἐπιπτύσσεσθαι</strong></span> <span class='ocrx_word' id='word_1_311' title='bbox 595 3220 732 3291; x_wconf 84' lang='grc' dir='ltr'><strong>δυναμένην</strong></span> <span class='ocrx_word' id='word_1_312' title='bbox 751 3221 791 3273; x_wconf 86' lang='grc' dir='ltr'><strong>ἐπὶ</strong></span> <span class='ocrx_word' id='word_1_313' title='bbox 810 3220 838 3273; x_wconf 86' lang='grc' dir='ltr'><strong>τό</strong></span> <span class='ocrx_word' id='word_1_314' title='bbox 856 3225 901 3291; x_wconf 77' lang='grc' dir='ltr'><strong>τῆς</strong></span> <span class='ocrx_word' id='word_1_315' title='bbox 919 3222 1036 3292; x_wconf 86' lang='grc' dir='ltr'><strong>ἀρτηρίας</strong></span> <span class='ocrx_word' id='word_1_316' title='bbox 1053 3226 1139 3291; x_wconf 77' lang='grc' dir='ltr'><strong>τρῆμα</strong></span> <span class='ocrx_word' id='word_1_317' title='bbox 1156 3220 1185 3273; x_wconf 88' lang='grc' dir='ltr'><strong>τδ</strong></span> <span class='ocrx_word' id='word_1_318' title='bbox 1205 3222 1239 3279; x_wconf 81' lang='grc' dir='ltr'><strong>τίς</strong></span> <span class='ocrx_word' id='word_1_319' title='bbox 1256 3220 1285 3273; x_wconf 89' lang='grc' dir='ltr'><strong>τὸ</strong></span> <span class='ocrx_word' id='word_1_320' title='bbox 1304 3221 1384 3290; x_wconf 87' lang='grc' dir='ltr'><strong>στόμα</strong></span> <span class='ocrx_word' id='word_1_321' title='bbox 1401 3228 1479 3274; x_wconf 87' lang='grc' dir='ltr'><strong>τεῖνον</strong></span> 
     </span>
    </p>

    <p class='ocr_par' dir='ltr' id='par_1_4' title="bbox 202 3308 1559 3553">
     <span class='ocr_line' id='line_1_29' title="bbox 203 3308 1557 3382; baseline 0.001 -21"><span class='ocrx_word' id='word_1_322' title='bbox 203 3310 219 3361; x_wconf 87' lang='grc'>6</span> <span class='ocrx_word' id='word_1_323' title='bbox 243 3308 381 3378; x_wconf 83' lang='grc' dir='ltr'><strong>συμβαίνει]</strong></span> <span class='ocrx_word' id='word_1_324' title='bbox 400 3308 482 3361; x_wconf 79' lang='lat' dir='ltr'><strong>Arist.</strong></span> <span class='ocrx_word' id='word_1_325' title='bbox 499 3309 515 3361; x_wconf 94' lang='lat' dir='ltr'><strong>l.</strong></span> <span class='ocrx_word' id='word_1_326' title='bbox 529 3325 551 3360; x_wconf 86' lang='lat' dir='ltr'><strong>c.</strong></span> <span class='ocrx_word' id='word_1_327' title='bbox 570 3326 595 3377; x_wconf 88' lang='lat' dir='ltr'><strong>p.</strong></span> <span class='ocrx_word' id='word_1_328' title='bbox 608 3308 700 3361; x_wconf 62' lang='lat' dir='ltr'>4956ss</span> <span class='ocrx_word' id='word_1_329' title='bbox 725 3310 873 3379; x_wconf 87' lang='grc' dir='ltr'><strong>φυσωμένης</strong></span> <span class='ocrx_word' id='word_1_330' title='bbox 894 3308 920 3360; x_wconf 88' lang='grc' dir='ltr'><strong>δὲ</strong></span> <span class='ocrx_word' id='word_1_331' title='bbox 942 3314 987 3379; x_wconf 76' lang='grc' dir='ltr'><strong>τῆς</strong></span> <span class='ocrx_word' id='word_1_332' title='bbox 1008 3309 1125 3379; x_wconf 86' lang='grc' dir='ltr'><strong>ἀρτηρίας</strong></span> <span class='ocrx_word' id='word_1_333' title='bbox 1146 3308 1283 3361; x_wconf 87' lang='grc' dir='ltr'><strong>διαδίδωσιν</strong></span> <span class='ocrx_word' id='word_1_334' title='bbox 1301 3309 1335 3367; x_wconf 84' lang='grc' dir='ltr'><strong>είς</strong></span> <span class='ocrx_word' id='word_1_335' title='bbox 1352 3309 1384 3360; x_wconf 88' lang='grc' dir='ltr'><strong>τά</strong></span> <span class='ocrx_word' id='word_1_336' title='bbox 1402 3309 1475 3362; x_wconf 85' lang='grc' dir='ltr'><strong>κοῖλα</strong></span> <span class='ocrx_word' id='word_1_337' title='bbox 1493 3312 1557 3382; x_wconf 88' lang='grc' dir='ltr'><strong>μέρη</strong></span> 
     </span>
     <span class='ocr_line' id='line_1_30' title="bbox 202 3395 1559 3466; baseline 0.001 -18"><span class='ocrx_word' id='word_1_338' title='bbox 202 3403 247 3449; x_wconf 78' lang='grc' dir='ltr'><strong>τοῦ</strong></span> <span class='ocrx_word' id='word_1_339' title='bbox 265 3395 402 3464; x_wconf 88' lang='grc' dir='ltr'><strong>πλεύμονος</strong></span> <span class='ocrx_word' id='word_1_340' title='bbox 420 3395 449 3446; x_wconf 87' lang='grc' dir='ltr'><strong>τό</strong></span> <span class='ocrx_word' id='word_1_341' title='bbox 468 3400 572 3464; x_wconf 78' lang='grc' dir='ltr'><strong>πνεῦμα.</strong></span> <span class='ocrx_word' id='word_1_342' title='bbox 600 3400 679 3448; x_wconf 79' lang='grc' dir='ltr'><strong>ταῦτα</strong></span> <span class='ocrx_word' id='word_1_343' title='bbox 696 3395 723 3447; x_wconf 84' lang='grc' dir='ltr'><strong>δὲ</strong></span> <span class='ocrx_word' id='word_1_344' title='bbox 741 3395 864 3465; x_wconf 82' lang='grc' dir='ltr'><strong>διαφύσεις</strong></span> <span class='ocrx_word' id='word_1_345' title='bbox 883 3396 934 3465; x_wconf 81' lang='grc' dir='ltr'><strong>ἔχει</strong></span> <span class='ocrx_word' id='word_1_346' title='bbox 952 3395 1100 3466; x_wconf 84' lang='grc' dir='ltr'><strong>χονδρώδεις</strong></span> <span class='ocrx_word' id='word_1_347' title='bbox 1118 3396 1151 3454; x_wconf 89' lang='grc' dir='ltr'><strong>είς</strong></span> <span class='ocrx_word' id='word_1_348' title='bbox 1170 3396 1212 3457; x_wconf 74' lang='grc' dir='ltr'><strong>ὀξὺ</strong></span> <span class='ocrx_word' id='word_1_349' title='bbox 1232 3395 1398 3466; x_wconf 87' lang='grc' dir='ltr'><strong>συνηκούσας·</strong></span> <span class='ocrx_word' id='word_1_350' title='bbox 1420 3398 1449 3449; x_wconf 83' lang='grc' dir='ltr'><strong>ἐκ</strong></span> <span class='ocrx_word' id='word_1_351' title='bbox 1468 3397 1494 3450; x_wconf 82' lang='grc' dir='ltr'><strong>δὲ</strong></span> <span class='ocrx_word' id='word_1_352' title='bbox 1506 3404 1559 3450; x_wconf 86' lang='grc' dir='ltr'><strong>τῶν</strong></span> 
     </span>
     <span class='ocr_line' id='line_1_31' title="bbox 203 3483 1558 3553; baseline 0.002 -17"><span class='ocrx_word' id='word_1_353' title='bbox 203 3483 340 3553; x_wconf 85' lang='grc' dir='ltr'><strong>διαφύσεων</strong></span> <span class='ocrx_word' id='word_1_354' title='bbox 359 3483 474 3552; x_wconf 75' lang='grc' dir='ltr'><strong>τρήματα</strong></span> <span class='ocrx_word' id='word_1_355' title='bbox 493 3483 532 3534; x_wconf 88' lang='grc' dir='ltr'><strong>διά</strong></span> <span class='ocrx_word' id='word_1_356' title='bbox 551 3483 641 3541; x_wconf 87' lang='grc' dir='ltr'><strong>παντός</strong></span> <span class='ocrx_word' id='word_1_357' title='bbox 660 3484 711 3535; x_wconf 86' lang='grc' dir='ltr'><strong>ἐστι</strong></span> <span class='ocrx_word' id='word_1_358' title='bbox 730 3488 774 3535; x_wconf 80' lang='grc' dir='ltr'><strong>τοῦ</strong></span> <span class='ocrx_word' id='word_1_359' title='bbox 797 3483 946 3552; x_wconf 86' lang='grc' dir='ltr'><strong>πλεύμονος,</strong></span> <span class='ocrx_word' id='word_1_360' title='bbox 967 3485 1004 3536; x_wconf 84' lang='grc' dir='ltr'><strong>ἀεὶ</strong></span> <span class='ocrx_word' id='word_1_361' title='bbox 1027 3485 1056 3535; x_wconf 87' lang='grc' dir='ltr'><strong>ἐκ</strong></span> <span class='ocrx_word' id='word_1_362' title='bbox 1078 3484 1197 3552; x_wconf 71' lang='grc' dir='ltr'><strong>μειζόνων</strong></span> <span class='ocrx_word' id='word_1_363' title='bbox 1219 3485 1254 3542; x_wconf 85' lang='grc' dir='ltr'><strong>τίς</strong></span> <span class='ocrx_word' id='word_1_364' title='bbox 1275 3483 1373 3537; x_wconf 84' lang='grc' dir='ltr'><strong>ἐλάττω</strong></span> <span class='ocrx_word' id='word_1_365' title='bbox 1395 3483 1558 3553; x_wconf 87' lang='grc' dir='ltr'><strong>διαδιδόμινα.</strong></span> 
     </span>
    </p>
   </div>
   <div class='ocr_carea' id='block_1_4' title="bbox 203 3569 1594 4950">
    <p class='ocr_par' dir='ltr' id='par_1_5' title="bbox 203 3569 1594 4600">
     <span class='ocr_line' id='line_1_32' title="bbox 204 3569 1559 3644; baseline 0.002 -20"><span class='ocrx_word' id='word_1_366' title='bbox 204 3572 355 3641; x_wconf 80' lang='grc' dir='ltr'><strong>συνήρτηται</strong></span> <span class='ocrx_word' id='word_1_367' title='bbox 373 3569 399 3621; x_wconf 79' lang='grc' dir='ltr'><strong>δὲ</strong></span> <span class='ocrx_word' id='word_1_368' title='bbox 418 3572 462 3622; x_wconf 83' lang='grc' dir='ltr'><strong>καὶ</strong></span> <span class='ocrx_word' id='word_1_369' title='bbox 481 3571 497 3640; x_wconf 79' lang='grc' dir='ltr'>ἡ</span> <span class='ocrx_word' id='word_1_370' title='bbox 515 3570 604 3639; x_wconf 85' lang='grc' dir='ltr'><strong>καρδία</strong></span> <span class='ocrx_word' id='word_1_371' title='bbox 621 3574 655 3641; x_wconf 76' lang='grc' dir='ltr'><strong>τη</strong></span> <span class='ocrx_word' id='word_1_372' title='bbox 673 3571 779 3640; x_wconf 69' lang='grc' dir='ltr'><strong>ἀρτηρίᾳ</strong></span> <span class='ocrx_word' id='word_1_373' title='bbox 797 3570 945 3639; x_wconf 82' lang='grc' dir='ltr'><strong>πιμελώδεσι</strong></span> <span class='ocrx_word' id='word_1_374' title='bbox 964 3573 1006 3623; x_wconf 82' lang='grc' dir='ltr'><strong>καὶ</strong></span> <span class='ocrx_word' id='word_1_375' title='bbox 1024 3570 1174 3642; x_wconf 84' lang='grc' dir='ltr'><strong>χονδρώδεσι</strong></span> <span class='ocrx_word' id='word_1_376' title='bbox 1191 3573 1235 3623; x_wconf 79' lang='grc' dir='ltr'><strong>καὶ</strong></span> <span class='ocrx_word' id='word_1_377' title='bbox 1254 3571 1350 3624; x_wconf 87' lang='grc' dir='ltr'><strong>ίνώδεσι</strong></span> <span class='ocrx_word' id='word_1_378' title='bbox 1368 3571 1477 3639; x_wconf 85' lang='grc' dir='ltr'><strong>δεσμοῖς·</strong></span> <span class='ocrx_word' id='word_1_379' title='bbox 1499 3570 1559 3644; x_wconf 73' lang='grc' dir='ltr'><strong>ᾗδὲ</strong></span> 
     </span>
     <span class='ocr_line' id='line_1_33' title="bbox 204 3655 1559 3730; baseline 0.002 -19"><span class='ocrx_word' id='word_1_380' title='bbox 204 3659 353 3730; x_wconf 67' lang='grc' dir='ltr'><strong>συνήρτηται</strong></span> <span class='ocrx_word' id='word_1_381' title='bbox 374 3655 459 3709; x_wconf 87' lang='grc' dir='ltr'><strong>κοῖλόν</strong></span> <span class='ocrx_word' id='word_1_382' title='bbox 481 3658 545 3710; x_wconf 85' lang='grc' dir='ltr'><strong>ἐστιν</strong></span> <span class='ocrx_word' id='word_1_383' title='bbox 689 3656 719 3708; x_wconf 75' lang='grc'><strong>12</strong></span> <span class='ocrx_word' id='word_1_384' title='bbox 744 3658 1005 3728; x_wconf 83' lang='grc' dir='ltr'><strong>ἐμπνευματουμένης]</strong></span> <span class='ocrx_word' id='word_1_385' title='bbox 1025 3660 1104 3712; x_wconf 84' lang='lat' dir='ltr'><strong>Arist.</strong></span> <span class='ocrx_word' id='word_1_386' title='bbox 1121 3659 1137 3709; x_wconf 90' lang='lat' dir='ltr'><strong>l.</strong></span> <span class='ocrx_word' id='word_1_387' title='bbox 1151 3675 1173 3710; x_wconf 87' lang='lat' dir='ltr'><strong>c.</strong></span> <span class='ocrx_word' id='word_1_388' title='bbox 1191 3674 1217 3726; x_wconf 90' lang='lat' dir='ltr'><strong>p.</strong></span> <span class='ocrx_word' id='word_1_389' title='bbox 1230 3656 1340 3711; x_wconf 80' lang='lat' dir='ltr'>495b14</span> <span class='ocrx_word' id='word_1_390' title='bbox 1363 3660 1513 3730; x_wconf 84' lang='grc' dir='ltr'><strong>φυσωμένης</strong></span> <span class='ocrx_word' id='word_1_391' title='bbox 1533 3661 1559 3714; x_wconf 86' lang='grc' dir='ltr'><strong>δὲ</strong></span> 
     </span>
     <span class='ocr_line' id='line_1_34' title="bbox 203 3744 1560 3820; baseline 0.002 -22"><span class='ocrx_word' id='word_1_392' title='bbox 203 3751 249 3816; x_wconf 82' lang='grc' dir='ltr'><strong>τῆς</strong></span> <span class='ocrx_word' id='word_1_393' title='bbox 267 3745 385 3817; x_wconf 87' lang='grc' dir='ltr'><strong>ἀρτηρίας</strong></span> <span class='ocrx_word' id='word_1_394' title='bbox 403 3745 429 3797; x_wconf 85' lang='grc' dir='ltr'><strong>ἐν</strong></span> <span class='ocrx_word' id='word_1_395' title='bbox 448 3745 518 3802; x_wconf 88' lang='grc' dir='ltr'><strong>ἐνίοις</strong></span> <span class='ocrx_word' id='word_1_396' title='bbox 537 3746 582 3811; x_wconf 83' lang='grc' dir='ltr'><strong>μὲν</strong></span> <span class='ocrx_word' id='word_1_397' title='bbox 601 3744 630 3796; x_wconf 86' lang='grc' dir='ltr'><strong>ού</strong></span> <span class='ocrx_word' id='word_1_398' title='bbox 649 3744 790 3814; x_wconf 86' lang='grc' dir='ltr'><strong>κατάδηλον</strong></span> <span class='ocrx_word' id='word_1_399' title='bbox 809 3752 884 3809; x_wconf 84' lang='grc' dir='ltr'><strong>ποιεῖ,</strong></span> <span class='ocrx_word' id='word_1_400' title='bbox 908 3747 933 3798; x_wconf 86' lang='grc' dir='ltr'><strong>ἐν</strong></span> <span class='ocrx_word' id='word_1_401' title='bbox 951 3745 977 3797; x_wconf 85' lang='grc' dir='ltr'><strong>δὲ</strong></span> <span class='ocrx_word' id='word_1_402' title='bbox 996 3754 1046 3804; x_wconf 88' lang='grc' dir='ltr'><strong>τοῖς</strong></span> <span class='ocrx_word' id='word_1_403' title='bbox 1064 3747 1157 3815; x_wconf 69' lang='grc' dir='ltr'><strong>μείζοσι</strong></span> <span class='ocrx_word' id='word_1_404' title='bbox 1174 3752 1226 3797; x_wconf 82' lang='grc' dir='ltr'><strong>τῶν</strong></span> <span class='ocrx_word' id='word_1_405' title='bbox 1244 3746 1318 3816; x_wconf 76' lang='grc' dir='ltr'><strong>ζῴων</strong></span> <span class='ocrx_word' id='word_1_406' title='bbox 1335 3746 1410 3816; x_wconf 82' lang='grc' dir='ltr'><strong>δῆλον</strong></span> <span class='ocrx_word' id='word_1_407' title='bbox 1429 3745 1467 3799; x_wconf 88' lang='grc' dir='ltr'><strong>ότι</strong></span> <span class='ocrx_word' id='word_1_408' title='bbox 1484 3749 1560 3820; x_wconf 88' lang='grc' dir='ltr'><strong>είσέρ-</strong></span> 
     </span>
     <span class='ocr_line' id='line_1_35' title="bbox 203 3831 1560 3904; baseline 0.003 -19"><span class='ocrx_word' id='word_1_409' title='bbox 203 3851 277 3904; x_wconf 83' lang='grc' dir='ltr'><strong>χτται</strong></span> <span class='ocrx_word' id='word_1_410' title='bbox 294 3832 324 3885; x_wconf 87' lang='grc' dir='ltr'><strong>τὸ</strong></span> <span class='ocrx_word' id='word_1_411' title='bbox 342 3836 439 3899; x_wconf 80' lang='grc' dir='ltr'><strong>πνεῦμα</strong></span> <span class='ocrx_word' id='word_1_412' title='bbox 458 3831 492 3890; x_wconf 88' lang='grc' dir='ltr'><strong>είς</strong></span> <span class='ocrx_word' id='word_1_413' title='bbox 510 3831 597 3900; x_wconf 78' lang='grc' dir='ltr'><strong>αύτην.</strong></span> <span class='ocrx_word' id='word_1_414' title='bbox 627 3832 643 3901; x_wconf 79' lang='grc' dir='ltr'>ἡ</span> <span class='ocrx_word' id='word_1_415' title='bbox 663 3833 707 3900; x_wconf 83' lang='grc' dir='ltr'><strong>μὲν</strong></span> <span class='ocrx_word' id='word_1_416' title='bbox 726 3831 769 3883; x_wconf 85' lang='grc' dir='ltr'><strong>ούν</strong></span> <span class='ocrx_word' id='word_1_417' title='bbox 787 3833 892 3903; x_wconf 86' lang='grc' dir='ltr'><strong>ἀρτηρία</strong></span> <span class='ocrx_word' id='word_1_418' title='bbox 909 3837 997 3885; x_wconf 81' lang='grc' dir='ltr'><strong>τοῦτον</strong></span> <span class='ocrx_word' id='word_1_419' title='bbox 1016 3834 1068 3904; x_wconf 80' lang='grc' dir='ltr'><strong>ἔχει</strong></span> <span class='ocrx_word' id='word_1_420' title='bbox 1086 3834 1129 3886; x_wconf 89' lang='grc' dir='ltr'><strong>τὸν</strong></span> <span class='ocrx_word' id='word_1_421' title='bbox 1143 3834 1243 3904; x_wconf 92' lang='grc' dir='ltr'><strong>τρόπον,</strong></span> <span class='ocrx_word' id='word_1_422' title='bbox 1261 3835 1304 3885; x_wconf 79' lang='grc' dir='ltr'><strong>καί</strong></span> <span class='ocrx_word' id='word_1_423' title='bbox 1322 3833 1421 3904; x_wconf 85' lang='grc' dir='ltr'><strong>δέχεται</strong></span> <span class='ocrx_word' id='word_1_424' title='bbox 1439 3835 1514 3903; x_wconf 93' lang='grc' dir='ltr'><strong>μόνον</strong></span> <span class='ocrx_word' id='word_1_425' title='bbox 1531 3836 1560 3889; x_wconf 88' lang='grc' dir='ltr'><strong>τὸ</strong></span> 
     </span>
     <span class='ocr_line' id='line_1_36' title="bbox 205 3917 1561 3993; baseline 0.002 -20"><span class='ocrx_word' id='word_1_426' title='bbox 205 3925 302 3988; x_wconf 78' lang='grc' dir='ltr'><strong>πνεῦμα</strong></span> <span class='ocrx_word' id='word_1_427' title='bbox 320 3920 363 3970; x_wconf 85' lang='grc' dir='ltr'><strong>καί</strong></span> <span class='ocrx_word' id='word_1_428' title='bbox 381 3919 488 3988; x_wconf 87' lang='grc' dir='ltr'><strong>ἀφίησιν,</strong></span> <span class='ocrx_word' id='word_1_429' title='bbox 507 3918 568 3971; x_wconf 86' lang='grc' dir='ltr'><strong>ἀλλο</strong></span> <span class='ocrx_word' id='word_1_430' title='bbox 587 3918 606 3971; x_wconf 83' lang='grc' dir='ltr'><strong>δΙ</strong></span> <span class='ocrx_word' id='word_1_431' title='bbox 621 3918 695 3971; x_wconf 85' lang='grc' dir='ltr'><strong>ούθέν</strong></span> <span class='ocrx_word' id='word_1_432' title='bbox 713 3917 770 3972; x_wconf 82' lang='grc' dir='ltr'><strong>οὔτε</strong></span> <span class='ocrx_word' id='word_1_433' title='bbox 789 3917 862 3990; x_wconf 79' lang='grc' dir='ltr'><strong>ξηρὸν</strong></span> <span class='ocrx_word' id='word_1_434' title='bbox 880 3917 934 3972; x_wconf 75' lang='grc' dir='ltr'><strong>αὖθ’</strong></span> <span class='ocrx_word' id='word_1_435' title='bbox 949 3920 1030 3990; x_wconf 83' lang='grc' dir='ltr'><strong>ύγρόν,</strong></span> <span class='ocrx_word' id='word_1_436' title='bbox 1048 3920 1064 3990; x_wconf 73' lang='grc' dir='ltr'><strong>ἢ</strong></span> <span class='ocrx_word' id='word_1_437' title='bbox 1083 3921 1158 3973; x_wconf 91' lang='grc' dir='ltr'><strong>πόνον</strong></span> <span class='ocrx_word' id='word_1_438' title='bbox 1177 3922 1288 3991; x_wconf 85' lang='grc' dir='ltr'><strong>παρέχει,</strong></span> <span class='ocrx_word' id='word_1_439' title='bbox 1307 3921 1355 3979; x_wconf 81' lang='grc' dir='ltr'><strong>ἕως</strong></span> <span class='ocrx_word' id='word_1_440' title='bbox 1373 3921 1403 3974; x_wconf 88' lang='grc' dir='ltr'><strong>ἀν</strong></span> <span class='ocrx_word' id='word_1_441' title='bbox 1421 3921 1517 3993; x_wconf 77' lang='grc' dir='ltr'><strong>ἐκβηξη</strong></span> <span class='ocrx_word' id='word_1_442' title='bbox 1531 3923 1561 3976; x_wconf 89' lang='grc' dir='ltr'><strong>τό</strong></span> 
     </span>
     <span class='ocr_line' id='line_1_37' title="bbox 205 4004 1560 4079; baseline 0.003 -20"><span class='ocrx_word' id='word_1_443' title='bbox 205 4005 327 4060; x_wconf 87' lang='grc' dir='ltr'><strong>κατελθόν</strong></span> <span class='ocrx_word' id='word_1_444' title='bbox 435 4005 466 4057; x_wconf 86' lang='lat'><strong>18</strong></span> <span class='ocrx_word' id='word_1_445' title='bbox 488 4005 501 4058; x_wconf 90' lang='lat'>6</span> <span class='ocrx_word' id='word_1_446' title='bbox 520 4004 545 4057; x_wconf 80' lang='grc' dir='ltr'><strong>δέ</strong></span> <span class='ocrx_word' id='word_1_447' title='bbox 565 4005 701 4077; x_wconf 89' lang='grc' dir='ltr'><strong>στόμαχος]</strong></span> <span class='ocrx_word' id='word_1_448' title='bbox 720 4009 800 4060; x_wconf 78' lang='lat' dir='ltr'>Arist.</span> <span class='ocrx_word' id='word_1_449' title='bbox 818 4008 834 4058; x_wconf 93' lang='lat' dir='ltr'><strong>l.</strong></span> <span class='ocrx_word' id='word_1_450' title='bbox 847 4024 869 4060; x_wconf 84' lang='lat' dir='ltr'><strong>c.</strong></span> <span class='ocrx_word' id='word_1_451' title='bbox 888 4024 913 4075; x_wconf 91' lang='lat' dir='ltr'><strong>p.</strong></span> <span class='ocrx_word' id='word_1_452' title='bbox 926 4007 1034 4059; x_wconf 61' lang='lat'>495619</span> <span class='ocrx_word' id='word_1_453' title='bbox 1058 4007 1071 4060; x_wconf 94' lang='lat'>6</span> <span class='ocrx_word' id='word_1_454' title='bbox 1090 4008 1115 4060; x_wconf 80' lang='grc' dir='ltr'><strong>δὲ</strong></span> <span class='ocrx_word' id='word_1_455' title='bbox 1134 4008 1259 4077; x_wconf 84' lang='grc' dir='ltr'><strong>στόμαχος</strong></span> <span class='ocrx_word' id='word_1_456' title='bbox 1276 4007 1382 4079; x_wconf 76' lang='grc' dir='ltr'><strong>ἤρτηται</strong></span> <span class='ocrx_word' id='word_1_457' title='bbox 1399 4011 1444 4079; x_wconf 80' lang='grc' dir='ltr'><strong>μὲν</strong></span> <span class='ocrx_word' id='word_1_458' title='bbox 1462 4007 1560 4063; x_wconf 85' lang='grc' dir='ltr'><strong>ἀνωθεν</strong></span> 
     </span>
     <span class='ocr_line' id='line_1_38' title="bbox 205 4093 1594 4168; baseline 0.001 -20"><span class='ocrx_word' id='word_1_459' title='bbox 205 4095 318 4148; x_wconf 78' lang='grc' dir='ltr'><strong>ἀπὸτοῦ</strong></span> <span class='ocrx_word' id='word_1_460' title='bbox 337 4094 471 4162; x_wconf 89' lang='grc' dir='ltr'><strong>στόματος,</strong></span> <span class='ocrx_word' id='word_1_461' title='bbox 494 4093 613 4163; x_wconf 84' lang='grc' dir='ltr'><strong>ἐχόμενος</strong></span> <span class='ocrx_word' id='word_1_462' title='bbox 634 4099 679 4163; x_wconf 80' lang='grc' dir='ltr'><strong>τῆς</strong></span> <span class='ocrx_word' id='word_1_463' title='bbox 701 4094 830 4164; x_wconf 86' lang='grc' dir='ltr'><strong>ἀρτηρίας,</strong></span> <span class='ocrx_word' id='word_1_464' title='bbox 853 4095 958 4164; x_wconf 85' lang='grc' dir='ltr'><strong>συνεχὴς</strong></span> <span class='ocrx_word' id='word_1_465' title='bbox 980 4094 1016 4147; x_wconf 84' lang='grc' dir='ltr'><strong>ών</strong></span> <span class='ocrx_word' id='word_1_466' title='bbox 1039 4095 1098 4163; x_wconf 84' lang='grc' dir='ltr'><strong>πρός</strong></span> <span class='ocrx_word' id='word_1_467' title='bbox 1116 4115 1142 4148; x_wconf 86' lang='grc' dir='ltr'><strong>τε</strong></span> <span class='ocrx_word' id='word_1_468' title='bbox 1160 4095 1206 4165; x_wconf 77' lang='grc' dir='ltr'><strong>τὴν</strong></span> <span class='ocrx_word' id='word_1_469' title='bbox 1226 4095 1296 4168; x_wconf 76' lang='grc' dir='ltr'><strong>ῥάχιν</strong></span> <span class='ocrx_word' id='word_1_470' title='bbox 1317 4097 1360 4147; x_wconf 85' lang='grc' dir='ltr'><strong>καί</strong></span> <span class='ocrx_word' id='word_1_471' title='bbox 1377 4097 1424 4167; x_wconf 79' lang='grc' dir='ltr'><strong>τὴν</strong></span> <span class='ocrx_word' id='word_1_472' title='bbox 1442 4097 1561 4168; x_wconf 85' lang='grc' dir='ltr'><strong>ἀρτηρίαν</strong></span> <span class='ocrx_word' id='word_1_473' title='bbox 1589 4118 1594 4128; x_wconf 90' lang='grc'><strong>·</strong></span> 
     </span>
     <span class='ocr_line' id='line_1_39' title="bbox 205 4181 1561 4256; baseline 0.003 -22"><span class='ocrx_word' id='word_1_474' title='bbox 205 4181 340 4251; x_wconf 84' lang='grc' dir='ltr'><strong>ύμενώδεσι</strong></span> <span class='ocrx_word' id='word_1_475' title='bbox 358 4181 468 4250; x_wconf 87' lang='grc' dir='ltr'><strong>δεσμοῖς,</strong></span> <span class='ocrx_word' id='word_1_476' title='bbox 490 4181 592 4251; x_wconf 80' lang='grc' dir='ltr'><strong>τελευτᾷ</strong></span> <span class='ocrx_word' id='word_1_477' title='bbox 611 4181 637 4234; x_wconf 83' lang='grc' dir='ltr'><strong>δὲ</strong></span> <span class='ocrx_word' id='word_1_478' title='bbox 656 4181 695 4233; x_wconf 88' lang='grc' dir='ltr'><strong>διὰ</strong></span> <span class='ocrx_word' id='word_1_479' title='bbox 712 4186 757 4234; x_wconf 83' lang='grc' dir='ltr'><strong>τού</strong></span> <span class='ocrx_word' id='word_1_480' title='bbox 775 4182 932 4251; x_wconf 75' lang='grc' dir='ltr'><strong>διαζώματος</strong></span> <span class='ocrx_word' id='word_1_481' title='bbox 953 4182 1079 4249; x_wconf 80' lang='grc' dir='ltr'><strong>(ζώματος</strong></span> <span class='ocrx_word' id='word_1_482' title='bbox 1097 4183 1143 4246; x_wconf 73' lang='lat'><strong>0⁸)</strong></span> <span class='ocrx_word' id='word_1_483' title='bbox 1165 4183 1198 4240; x_wconf 87' lang='grc' dir='ltr'><strong>είς</strong></span> <span class='ocrx_word' id='word_1_484' title='bbox 1219 4183 1265 4252; x_wconf 77' lang='grc' dir='ltr'><strong>τὴν</strong></span> <span class='ocrx_word' id='word_1_485' title='bbox 1283 4182 1392 4247; x_wconf 83' lang='grc' dir='ltr'><strong>κοιλίαν,</strong></span> <span class='ocrx_word' id='word_1_486' title='bbox 1416 4185 1561 4256; x_wconf 84' lang='grc' dir='ltr'><strong>σαρκοειδὴς</strong></span> 
     </span>
     <span class='ocr_line' id='line_1_40' title="bbox 206 4268 1560 4342; baseline 0.003 -21"><span class='ocrx_word' id='word_1_487' title='bbox 206 4268 242 4321; x_wconf 81' lang='grc' dir='ltr'><strong>ὢν</strong></span> <span class='ocrx_word' id='word_1_488' title='bbox 260 4269 306 4338; x_wconf 74' lang='grc' dir='ltr'><strong>τὴν</strong></span> <span class='ocrx_word' id='word_1_489' title='bbox 325 4269 408 4337; x_wconf 82' lang='grc' dir='ltr'><strong>φύσιν,</strong></span> <span class='ocrx_word' id='word_1_490' title='bbox 432 4270 474 4320; x_wconf 84' lang='grc' dir='ltr'><strong>καὶ</strong></span> <span class='ocrx_word' id='word_1_491' title='bbox 494 4271 563 4322; x_wconf 86' lang='grc' dir='ltr'><strong>τάσιν</strong></span> <span class='ocrx_word' id='word_1_492' title='bbox 585 4269 652 4339; x_wconf 83' lang='grc' dir='ltr'><strong>ἔχων</strong></span> <span class='ocrx_word' id='word_1_493' title='bbox 674 4271 717 4321; x_wconf 86' lang='grc' dir='ltr'><strong>καὶ</strong></span> <span class='ocrx_word' id='word_1_494' title='bbox 736 4269 776 4321; x_wconf 83' lang='grc' dir='ltr'><strong>ἐπὶ</strong></span> <span class='ocrx_word' id='word_1_495' title='bbox 795 4274 876 4339; x_wconf 74' lang='grc' dir='ltr'><strong>μῆκος</strong></span> <span class='ocrx_word' id='word_1_496' title='bbox 894 4271 937 4320; x_wconf 89' lang='grc' dir='ltr'><strong>καὶ</strong></span> <span class='ocrx_word' id='word_1_497' title='bbox 957 4271 996 4321; x_wconf 82' lang='grc' dir='ltr'><strong>ἐπὶ</strong></span> <span class='ocrx_word' id='word_1_498' title='bbox 1015 4268 1115 4328; x_wconf 83' lang='grc' dir='ltr'><strong>πλάτος.</strong></span> <span class='ocrx_word' id='word_1_499' title='bbox 1148 4271 1164 4339; x_wconf 76' lang='grc' dir='ltr'><strong>η</strong></span> <span class='ocrx_word' id='word_1_500' title='bbox 1184 4269 1209 4322; x_wconf 80' lang='grc' dir='ltr'><strong>δὲ</strong></span> <span class='ocrx_word' id='word_1_501' title='bbox 1228 4269 1309 4322; x_wconf 91' lang='grc' dir='ltr'><strong>κοιλία</strong></span> <span class='ocrx_word' id='word_1_502' title='bbox 1327 4271 1343 4339; x_wconf 76' lang='grc' dir='ltr'><strong>η</strong></span> <span class='ocrx_word' id='word_1_503' title='bbox 1362 4276 1407 4322; x_wconf 85' lang='grc' dir='ltr'><strong>τοό</strong></span> <span class='ocrx_word' id='word_1_504' title='bbox 1425 4270 1560 4342; x_wconf 89' lang='grc' dir='ltr'><strong>ἀνθρώπου</strong></span> 
     </span>
     <span class='ocr_line' id='line_1_41' title="bbox 206 4355 1561 4428; baseline 0.003 -20"><span class='ocrx_word' id='word_1_505' title='bbox 206 4355 279 4424; x_wconf 87' lang='grc' dir='ltr'><strong>ὁμοία</strong></span> <span class='ocrx_word' id='word_1_506' title='bbox 297 4359 330 4425; x_wconf 74' lang='grc' dir='ltr'><strong>τη</strong></span> <span class='ocrx_word' id='word_1_507' title='bbox 349 4358 433 4425; x_wconf 82' lang='grc' dir='ltr'><strong>κυνείᾳ</strong></span> <span class='ocrx_word' id='word_1_508' title='bbox 451 4357 528 4410; x_wconf 81' lang='grc' dir='ltr'><strong>ἐστίν·</strong></span> <span class='ocrx_word' id='word_1_509' title='bbox 553 4355 582 4408; x_wconf 88' lang='grc' dir='ltr'><strong>ού</strong></span> <span class='ocrx_word' id='word_1_510' title='bbox 600 4355 687 4425; x_wconf 75' lang='grc' dir='ltr'><strong>πολληῑ</strong></span> <span class='ocrx_word' id='word_1_511' title='bbox 710 4356 756 4425; x_wconf 88' lang='grc' dir='ltr'>γάρ</span> <span class='ocrx_word' id='word_1_512' title='bbox 778 4360 823 4407; x_wconf 80' lang='grc' dir='ltr'><strong>τοῦ</strong></span> <span class='ocrx_word' id='word_1_513' title='bbox 846 4356 944 4424; x_wconf 81' lang='grc' dir='ltr'><strong>ἐντέρου</strong></span> <span class='ocrx_word' id='word_1_514' title='bbox 968 4357 1071 4424; x_wconf 73' lang='grc' dir='ltr'><strong>μείζων,</strong></span> <span class='ocrx_word' id='word_1_515' title='bbox 1095 4355 1147 4408; x_wconf 89' lang='grc' dir='ltr'><strong>ἀλλ’</strong></span> <span class='ocrx_word' id='word_1_516' title='bbox 1163 4357 1258 4410; x_wconf 81' lang='grc' dir='ltr'><strong>ἐοικυῖα</strong></span> <span class='ocrx_word' id='word_1_517' title='bbox 1281 4357 1353 4409; x_wconf 81' lang='grc' dir='ltr'><strong>οἱονεί</strong></span> <span class='ocrx_word' id='word_1_518' title='bbox 1376 4358 1466 4428; x_wconf 83' lang='grc' dir='ltr'><strong>ἐντέρῳ</strong></span> <span class='ocrx_word' id='word_1_519' title='bbox 1490 4359 1561 4428; x_wconf 83' lang='grc' dir='ltr'><strong>εύρος</strong></span> 
     </span>
     <span class='ocr_line' id='line_1_42' title="bbox 207 4441 1561 4517; baseline 0.004 -22"><span class='ocrx_word' id='word_1_520' title='bbox 207 4443 301 4513; x_wconf 78' lang='grc' dir='ltr'><strong>ἔχοντι·</strong></span> <span class='ocrx_word' id='word_1_521' title='bbox 324 4443 376 4495; x_wconf 78' lang='grc' dir='ltr'><strong>εἶτα</strong></span> <span class='ocrx_word' id='word_1_522' title='bbox 395 4445 490 4516; x_wconf 84' lang='grc' dir='ltr'><strong>ίντερον</strong></span> <span class='ocrx_word' id='word_1_523' title='bbox 510 4444 603 4498; x_wconf 79' lang='grc' dir='ltr'><strong>ἁπλοῦν</strong></span> <span class='ocrx_word' id='word_1_524' title='bbox 622 4443 765 4512; x_wconf 71' lang='grc' dir='ltr'><strong>εἰλιγμένον,</strong></span> <span class='ocrx_word' id='word_1_525' title='bbox 783 4443 834 4495; x_wconf 79' lang='grc' dir='ltr'><strong>εἶτα</strong></span> <span class='ocrx_word' id='word_1_526' title='bbox 853 4443 949 4515; x_wconf 79' lang='grc' dir='ltr'><strong>ἔντερον</strong></span> <span class='ocrx_word' id='word_1_527' title='bbox 968 4445 1083 4502; x_wconf 82' lang='grc' dir='ltr'><strong>ἐπιεικῶς</strong></span> <span class='ocrx_word' id='word_1_528' title='bbox 1101 4442 1182 4496; x_wconf 89' lang='grc' dir='ltr'><strong>πλατύ</strong></span> <span class='ocrx_word' id='word_1_529' title='bbox 1211 4441 1221 4459; x_wconf 84' lang='lat'><em>⁰</em></span> <span class='ocrx_word' id='word_1_530' title='bbox 1287 4444 1321 4497; x_wconf 69' lang='lat'><strong>‘24</strong></span> <span class='ocrx_word' id='word_1_531' title='bbox 1339 4445 1414 4514; x_wconf 89' lang='grc' dir='ltr'><strong>μόνος</strong></span> <span class='ocrx_word' id='word_1_532' title='bbox 1432 4445 1446 4498; x_wconf 93' lang='lat'>6</span> <span class='ocrx_word' id='word_1_533' title='bbox 1464 4445 1561 4517; x_wconf 87' lang='grc' dir='ltr'><strong>ἀνθρω-</strong></span> 
     </span>
     <span class='ocr_line' id='line_1_43' title="bbox 206 4530 738 4600; baseline -0.004 -16"><span class='ocrx_word' id='word_1_534' title='bbox 206 4549 252 4589; x_wconf 88' lang='grc' dir='ltr'><strong>πος</strong></span> <span class='ocrx_word' id='word_1_535' title='bbox 265 4567 272 4580; x_wconf 88' lang='grc'><em>.</em></span> <span class='ocrx_word' id='word_1_536' title='bbox 285 4566 292 4579; x_wconf 83' lang='grc'><strong>.</strong></span> <span class='ocrx_word' id='word_1_537' title='bbox 306 4565 313 4578; x_wconf 89' lang='grc'><strong>.</strong></span> <span class='ocrx_word' id='word_1_538' title='bbox 326 4530 392 4599; x_wconf 81' lang='grc' dir='ltr'><strong>ἐμεῖ]</strong></span> <span class='ocrx_word' id='word_1_539' title='bbox 411 4533 470 4585; x_wconf 84' lang='lat' dir='ltr'>vide</span> <span class='ocrx_word' id='word_1_540' title='bbox 488 4537 565 4584; x_wconf 80' lang='lat' dir='ltr'>notas</span> <span class='ocrx_word' id='word_1_541' title='bbox 583 4533 616 4585; x_wconf 75' lang='lat' dir='ltr'><strong>ad</strong></span> <span class='ocrx_word' id='word_1_542' title='bbox 635 4549 660 4600; x_wconf 90' lang='grc' dir='ltr'><strong>ρ.</strong></span> <span class='ocrx_word' id='word_1_543' title='bbox 674 4531 738 4597; x_wconf 73' lang='lat'><strong>31‚2</strong></span> 
     </span>
    </p>

    <p class='ocr_par' dir='ltr' id='par_1_6' title="bbox 207 4703 1563 4950">
     <span class='ocr_line' id='line_1_44' title="bbox 207 4703 1561 4777; baseline 0.003 -21"><span class='ocrx_word' id='word_1_544' title='bbox 207 4704 223 4756; x_wconf 74' lang='grc' dir='ltr'><strong>θ</strong></span> <span class='ocrx_word' id='word_1_545' title='bbox 247 4704 311 4756; x_wconf 89' lang='grc' dir='ltr'><strong>τίΙ)</strong></span> <span class='ocrx_word' id='word_1_546' title='bbox 439 4704 564 4773; x_wconf 76' lang='grc' dir='ltr'><strong>ηυιίάίιίί</strong></span> <span class='ocrx_word' id='word_1_547' title='bbox 695 4706 723 4758; x_wconf 96' lang='lat' dir='ltr'><strong>ll</strong></span> <span class='ocrx_word' id='word_1_548' title='bbox 751 4706 794 4756; x_wconf 87' lang='grc' dir='ltr'><strong>καὶ</strong></span> <span class='ocrx_word' id='word_1_549' title='bbox 812 4703 960 4773; x_wconf 86' lang='grc' dir='ltr'><strong>χονδρώδεις</strong></span> <span class='ocrx_word' id='word_1_550' title='bbox 978 4705 1068 4757; x_wconf 83' lang='lat' dir='ltr'>addidi</span> <span class='ocrx_word' id='word_1_551' title='bbox 1087 4722 1118 4757; x_wconf 80' lang='lat' dir='ltr'><strong>ex</strong></span> <span class='ocrx_word' id='word_1_552' title='bbox 1138 4707 1217 4758; x_wconf 81' lang='lat' dir='ltr'><strong>An&#39;st.</strong></span> <span class='ocrx_word' id='word_1_553' title='bbox 1343 4706 1373 4758; x_wconf 79' lang='lat'><strong>17</strong></span> <span class='ocrx_word' id='word_1_554' title='bbox 1398 4706 1510 4777; x_wconf 76' lang='grc' dir='ltr'><strong>ἀναβηξη</strong></span> <span class='ocrx_word' id='word_1_555' title='bbox 1529 4724 1561 4760; x_wconf 82' lang='lat' dir='ltr'><strong>ex</strong></span> 
     </span>
     <span class='ocr_line' id='line_1_45' title="bbox 207 4790 1563 4862; baseline 0.001 -17"><span class='ocrx_word' id='word_1_556' title='bbox 207 4790 323 4860; x_wconf 76' lang='grc' dir='ltr'><strong>ἀναβήξει</strong></span> <span class='ocrx_word' id='word_1_557' title='bbox 342 4793 454 4844; x_wconf 82' lang='lat' dir='ltr'><strong>correxit</strong></span> <span class='ocrx_word' id='word_1_558' title='bbox 473 4792 505 4843; x_wconf 83' lang='grc' dir='ltr'><strong>Ι)Ι</strong></span> <span class='ocrx_word' id='word_1_559' title='bbox 655 4793 685 4847; x_wconf 87' lang='lat'><strong>18</strong></span> <span class='ocrx_word' id='word_1_560' title='bbox 710 4798 770 4862; x_wconf 85' lang='lat' dir='ltr'>post</span> <span class='ocrx_word' id='word_1_561' title='bbox 791 4792 857 4861; x_wconf 82' lang='grc' dir='ltr'><strong>ἔχων</strong></span> <span class='ocrx_word' id='word_1_562' title='bbox 878 4790 986 4843; x_wconf 79' lang='lat' dir='ltr'>fortasse</span> <span class='ocrx_word' id='word_1_563' title='bbox 1007 4792 1054 4861; x_wconf 80' lang='grc' dir='ltr'><strong>την</strong></span> <span class='ocrx_word' id='word_1_564' title='bbox 1075 4793 1155 4862; x_wconf 80' lang='grc' dir='ltr'><strong>ἀρχὴν</strong></span> <span class='ocrx_word' id='word_1_565' title='bbox 1177 4794 1323 4847; x_wconf 75' lang='lat' dir='ltr'><strong>addendum</strong></span> <span class='ocrx_word' id='word_1_566' title='bbox 1470 4794 1501 4847; x_wconf 82' lang='lat'><strong>19</strong></span> <span class='ocrx_word' id='word_1_567' title='bbox 1526 4793 1563 4854; x_wconf 87' lang='grc' dir='ltr'><strong>ώς</strong></span> 
     </span>
     <span class='ocr_line' id='line_1_46' title="bbox 207 4876 509 4950; baseline 0 -19"><span class='ocrx_word' id='word_1_568' title='bbox 207 4878 334 4950; x_wconf 85' lang='grc' dir='ltr'><strong>προεῖπον]</strong></span> <span class='ocrx_word' id='word_1_569' title='bbox 353 4895 388 4931; x_wconf 80' lang='lat' dir='ltr'><strong>an</strong></span> <span class='ocrx_word' id='word_1_570' title='bbox 407 4876 509 4932; x_wconf 62' lang='lat'>6111?</span> 
     </span>
    </p>
   </div>
   <div class='ocr_carea' id='block_1_5' title="bbox 0 0 1778 5610">
    <p class='ocr_par' dir='ltr' id='par_1_7' title="bbox 0 0 1778 5610">
     <span class='ocr_line' id='line_1_47' title="bbox 0 0 1778 5610; baseline 0 0"><span class='ocrx_word' id='word_1_571' title='bbox 0 0 1778 5610; x_wconf 95' lang='lat' dir='ltr'><strong> </strong></span> 
     </span>
    </p>
   </div>
  </div>
 </body>
</html>
