3510 5610
315 332 565 388 ARISTOPHANIS
584 331 769 388 HISTORIAE
787 313 980 387 ANiiiALiUii
1000 333 1147 387 ΕΡΙΤΟΜΕ
1165 335 1177 387 Ι
1198 333 1346 389 146-155.
1371 334 1419 387 111
1507 332 1548 399 35

247 511 296 589 ζῇ.
371 505 466 590 (147)
490 507 525 570 τά
548 507 669 591 βλητικά
690 511 748 570 τῶν
771 506 855 592 ζῳων
878 507 911 570 οό
935 507 982 569 διὰ
1004 509 1037 571 τό
1060 507 1173 592 ἀφιέναι
1190 531 1216 570 τι
1238 508 1285 572 διά
1306 511 1357 570 τού
1379 507 1496 590 κέντρου
1508 513 1543 570 30

245 611 299 693 τὴν
322 609 427 694 ὀδύνην
454 609 575 694 παρέχει
602 609 679 673 ἀλλά
707 609 755 672 διὰ
779 610 832 694 τὴν
859 607 1018 694 λεπτότητα
1045 614 1096 672 τού
1126 611 1258 694 κε’ντρου,
1288 608 1358 672 όθεν
1385 611 1434 673 καί
1461 609 1496 671 τά
1584 593 1587 600 ’

247 714 372 796 μάλιστα
394 713 515 781 λεπτοὺς
536 710 643 797 ἔχοντα
665 712 732 781 τούς
755 713 873 782 ὀδόντας
895 717 985 776 ταῦτα
1009 713 1057 775 καὶ
1078 713 1131 795 τὴν
1157 713 1261 796 ὀδύνην
1288 711 1495 796 χαλεπωτέραν
1509 727 1537 768 so

248 821 332 879 ποιεῖ.
411 815 504 898 (148)
531 815 566 878 τὰ
589 817 716 897 μαλάκια
743 817 836 878 πάντα
861 819 956 880 πᾶσαν
984 816 1062 899 ὥραν
1085 815 1183 900 ὀχεύει
1206 812 1269 878 ἀλλ’
1290 815 1348 899 οόχ
1370 816 1497 884 ἑστῶτας

216 918 313 986 σιούς
339 917 458 1002 ’καιρούς
487 923 539 1001 τῆς
568 918 669 1002 ὀχείας
698 916 775 1003 ἔχει,
803 918 937 1003 καθάπερ
969 916 1043 1001 [καί]
1073 919 1100 980 οἱ
1129 918 1239 1003 ἰχθύες.
1320 918 1411 999 (149)
1438 922 1495 981 τῶν

248 1021 362 1106 ἰχθύων
383 1022 411 1083 οἰ
435 1020 486 1103 μὲν
509 1019 703 1105 ᾤοτοκούντες
725 1024 769 1106 τῷ
792 1019 855 1106 ἔαρι
872 1021 1002 1106 λιπαροί,
1025 1022 1051 1083 οἱ
1075 1021 1107 1083 δὲ
1130 1024 1339 1105 ζῳοτοκυύντες
1360 1021 1392 1083 τό
1416 1020 1497 1104 μετό-

247 1147 355 1207 πωρον.
431 1122 523 1205 (150)
546 1123 685 1186 οόδέποτε
700 1123 929 1208 ὀστρακόδερμον
945 1124 964 1207 ἢ
981 1124 1119 1206 μαλάκιον
1142 1124 1172 1186 ἐν
1195 1129 1238 1209 τῷ
1256 1121 1360 1207 Πόντῳ
1382 1123 1496 1205 γίνεται,

247 1226 360 1309 λέγεται
382 1226 414 1289 δὲ
437 1229 478 1295 ιύς
498 1226 566 1289 οὐδὲ
581 1227 682 1311 θηρίον
697 1231 754 1289 τῶν
771 1226 936 1308 δυναμένων
952 1226 1061 1289 ἀδικεῖν
1084 1227 1150 1295 τούς
1173 1227 1270 1311 ἰχθύς.
1347 1226 1440 1310 (151)
1462 1226 1498 1288 τὰ
1512 1243 1539 1284 se

246 1329 364 1398 λοπίδας
390 1326 497 1413 ἔχοντα
519 1326 653 1415 ᾠοτοκεῖ.
731 1329 824 1413 (152)
852 1328 925 1413 μόνη
949 1332 1066 1413 χελώνη
1093 1334 1150 1392 τῶν
1173 1327 1379 1415 ῳοτοκούντων
1401 1330 1498 1394 κύστιν

205 1448 234 1492 ιο
247 1429 320 1517 ἔχει.
396 1432 489 1515 (153)
511 1431 594 1495 οὐδὲν
616 1435 673 1494 τῶν
697 1432 935 1517 ὀστρακοδέρμων
958 1430 1024 1494 οὔτε
1046 1431 1125 1515 θῆλύ
1142 1432 1217 1496 ἐστιν
1241 1431 1307 1494 οὔτε
1329 1431 1423 1516 ἀρρεν.

247 1534 341 1618 (154)
367 1540 424 1597 τών
447 1533 576 1617 ἐντύμων
598 1534 628 1597 ἐν
650 1557 687 1616 τη
711 1534 796 1619 ὀχείᾳ
819 1536 851 1598 τό
877 1535 954 1618 θῆλυ
982 1535 1023 1602 εἰς
1049 1535 1081 1597 τό
1109 1533 1193 1619 ἄρρεν
1220 1535 1310 1618 ἐνίησι
1337 1536 1369 1598 τό
1392 1536 1499 1599 αἰδοῖον

249 1639 291 1708 εἰς
314 1638 348 1701 τὸ
370 1637 528 1720 ἀναλογοῦν
551 1641 594 1722 τῷ
618 1635 730 1721 αἰδοίῳ.

332 1739 425 1823 (155)
451 1737 528 1803 Ὅσα
555 1740 607 1823 μὲν
636 1737 686 1802 οὖν
712 1739 833 1801 δυνατὸν
861 1739 1068 1821 ἀναλεξάμενον
1099 1742 1140 1808 ὡς
1170 1740 1200 1802 ἐν
1229 1740 1387 1824 ἐπιδρομῆς
1417 1740 1496 1824 μέρει
1508 1746 1545 1803 40

247 1844 478 1928 καθολικώτερον
505 1843 597 1905 εἰπεῖν
625 1843 729 1927 σχεδόν
757 1840 877 1926 εἴρηται.
922 1843 952 1904 ἐν
979 1843 1012 1904 δὲ
1040 1847 1081 1926 τῷ
1110 1841 1259 1927 ἐχομένῳ,
1288 1846 1328 1912 ώς
1349 1848 1499 1927 προεῖπον,

205 1961 236 2005 15
247 1943 311 2010 κατ’
332 1945 409 2015 εἰδος
435 1947 558 2009 ἑκάστου
586 1943 665 2030 ζῴου
691 1945 742 2013 τάς
769 1968 800 2007 τε
827 1943 943 2028 πράξεις
971 1946 1019 2007 καί
1045 1945 1112 2014 τούς
1137 1945 1228 2028 βίους,
1257 1943 1299 2008 ἔτι
1321 1946 1353 2008 δὲ
1375 1946 1410 2009 τά
1437 1946 1499 2030 ἤθη

247 2051 297 2114 καί
318 2049 396 2113 πόσα
415 2048 532 2111 δύναται
550 2047 669 2111 ἕκαστον
693 2053 745 2130 ζῆν
769 2045 819 2131 ἔτη
836 2048 1003 2131 ἀναγραφῆς
1026 2046 1151 2116 ἀξιώσας
1174 2048 1362 2132 ἀναθήσομαί
1375 2070 1433 2113 συιε
1457 2065 1526 2107 —o

850 2424 904 2509 <ss>

334 2631 385 2715 (1)
414 2628 464 2694 Ἐν
485 2632 558 2713 τῇδε
580 2636 617 2714 τῇ
641 2631 785 2707 συντάξει,
811 2631 859 2693 τὸν
881 2630 1004 2713 ἀριθμόν
1027 2627 1102 2713 υύση
1125 2630 1260 2715 δευτέρᾳ,
1288 2599 1470 2717 πειράσομαι,
1483 2649 1555 2693 esser

249 2735 425 2819 προγράφων
448 2735 514 2818 περὶ
535 2733 569 2797 ού
593 2733 669 2797 ἐστιν
693 2735 708 2796 ό
731 2733 815 2816 λόγος
837 2729 917 2818 ζῴου
940 2731 1041 2815 ὄνομα,
1063 2736 1309 2817 πρυσυπυτοίσσειν
1332 2733 1425 2819 τούτῳ
1447 2736 1501 2801 όσα

209 2854 237 2898 ss
250 2841 285 2903 εδ
306 2836 474 2923 προταχθὲν
497 2841 574 2921 ζῷον
590 2835 676 2921 μόρια
698 2837 844 2922 κέκτηται,
865 2835 928 2899 εἶτα
943 2837 1073 2921 περὶτῆς
1097 2836 1198 2922 ὀχείας
1219 2837 1309 2900 αὐτοῦ
1331 2838 1380 2900 καί
1396 2838 1502 2908 πόσους

197 3095 210 3147 l
229 3096 262 3148 τὰ
281 3091 400 3164 βλητικὰ]
419 3109 452 3145 ex
471 3092 609 3145 Aristotele
627 3093 690 3145 haee
707 3107 761 3144 non
780 3097 883 3160 sumpta
901 3097 971 3145 sunt.
1005 3110 1037 3146 ex
1057 3094 1228 3161 Theophrasti
1248 3093 1335 3145 Zoieis
1354 3097 1457 3161 sumpto
1480 3099 1555 3163 putat

195 3182 314 3251 Sauppe,
338 3198 396 3233 cum
420 3179 538 3251 βλητικὸς
555 3179 747 3232 Aristotelicum
772 3197 824 3233 non
848 3181 895 3244 sit,
919 3181 962 3232 sed
985 3198 1018 3232 ex
1037 3182 1107 3234 illius
1127 3182 1215 3234 Zoiois
1236 3182 1330 3232 eiteiur
1347 3182 1380 3233 sb
1399 3182 1494 3235 Athen.
1506 3184 1554 3236 VH

195 3266 312 3337 {2314ss
329 3268 361 3322 ef.
374 3268 459 3320 Laeti.
472 3269 581 3336 Diogen.
591 3269 613 3321 V
623 3267 657 3320 43
674 3271 700 3320 ei
712 3268 768 3320 Ael.
780 3268 850 3320 ΝΑ.
862 3269 896 3320 111
908 3267 941 3319 32
1027 3270 1044 3321 4
1060 3270 1091 3321 τὰ
1104 3268 1226 3337 μαλάκια]
1239 3269 1309 3320 unde
1323 3269 1403 3321 haee?
1428 3270 1460 3322 oi.
1473 3271 1552 3324 Arist.

196 3372 283 3425 gener.
295 3357 376 3409 anim.
391 3353 438 3408 1⁸8
457 3373 482 3424 p.
496 3354 602 3408 757b31
615 3373 670 3425 sqq.
796 3354 821 3407 5.
835 3354 850 3406 6
873 3360 925 3406 τῶν
944 3354 1050 3425 ἰχθύων]
1070 3358 1150 3408 Arist.
1162 3344 1223 3408 hisi.
1237 3357 1316 3408 anim.
1331 3353 1387 3408 137
1406 3373 1431 3424 p.
1444 3356 1553 3408 621519

196 3444 335 3513 άιμάζουσι
352 3443 378 3495 δὲ
396 3449 448 3495 τῶν
466 3440 562 3512 ἰχθύων
580 3443 603 3494 οἱ
621 3443 665 3512 μὲν
684 3441 793 3513 ώυῳόροι
812 3447 857 3494 τού
879 3443 963 3512 ἔαρος,
984 3444 1058 3514 μέχρι
1076 3443 1105 3496 ού
1125 3444 1154 3496 ἀν
1174 3445 1322 3506 ἰκτέκωσιν,
1345 3443 1367 3495 oi
1385 3443 1410 3496 δὲ
1431 3445 1553 3513 ζῳοτόκυι

148 3537 150 3540 ‘
194 3535 239 3584 τού
258 3531 407 3600 μετοπώρου
534 3530 550 3581 'i
574 3529 703 3598 ούόίποτε]
723 3531 803 3583 Arist.
815 3532 875 3583 hisi.
889 3528 1049 3583 anim.028
1068 3549 1093 3600 p.
1107 3531 1215 3584 606210
1238 3534 1281 3584 καὶ
1300 3533 1325 3584 ἐν
1344 3532 1389 3600 μὲν
1406 3535 1446 3600 τιγῖ
1464 3528 1553 3599 Πόντῳ

194 3616 253 3672 ούτι
270 3619 303 3671 τὰ
321 3617 432 3687 μαλάκια
450 3617 541 3686 γίνεται
559 3614 617 3669 ούτε
633 3618 666 3669 τά
684 3616 878 3688 ὀστρακόδερμα,
896 3619 918 3671 εἰ
935 3619 971 3688 μὴ
991 3618 1016 3670 ἔν
1034 3634 1082 3670 τισι
1099 3619 1183 3678 τόποις
1201 3619 1271 3689 ὀλίγα
1404 3619 1421 3670 8
1444 3617 1552 3688 λέγεται]

196 3706 277 3759 Arist.
289 3706 351 3758 hiso
364 3707 443 3758 anim.
457 3702 477 3757 Θ
490 3705 520 3757 13
540 3722 565 3773 ρ.
578 3704 667 3757 598111
692 3704 742 3766 ἔξω
763 3707 809 3776 γὰρ
831 3705 941 3776 δελφῖνος
963 3707 1006 3757 καί
1028 3707 1157 3776 φωκαίνης
1179 3707 1249 3759 οὐδέν
1269 3707 1333 3758 ἐστιν
1355 3707 1381 3757 ἐν
1398 3710 1437 3775 τῳ
1456 3705 1553 3776 Πόντῳ.
1645 3741 1646 3745 =

195 3793 227 3847 ef.
243 3809 324 3861 supra
342 3791 404 3860 §38
422 3808 480 3845 cum
497 3793 629 3846 adnotatis
734 3794 788 3845 8.9
807 3794 838 3845 τὰ
855 3792 953 3851 λεπίδος
970 3793 1073 3864 ἔχοντα]
1091 3795 1172 3846 Arist.
1182 3795 1243 3845 hist.
1253 3794 1331 3845 anim.
1343 3789 1365 3844 Β
1377 3791 1407 3844 13
1425 3809 1450 3860 ρ.
1461 3792 1553 3845 505ῠῖ

194 3882 241 3934 εἰσί
258 3879 278 3932 δ’
294 3879 379 3933 αύτιύν
396 3883 459 3944 (τῶν
477 3878 583 3950 ἰχθύων)
601 3881 625 3933 οἰ
642 3881 687 3950 μὲν
705 3877 820 3949 ᾤοτόκοι,
838 3880 861 3932 οἱ
879 3879 905 3933 δὲ
923 3881 1053 3950 ζῳοτόκοι,
1072 3882 1094 3934 οἰ
1114 3883 1159 3950 μὲν
1177 3880 1309 3932 λεπιδωτοί
1330 3882 1419 3937 πάντες
1437 3878 1553 3948 ῳοτόκοι,

194 3970 226 4021 τά
243 3968 272 4021 δὲ
289 3967 384 4038 σελάχη
403 3969 483 4021 πάντα
501 3968 615 4038 ζῳοτόκα
632 3967 698 4038 πλὴν
716 3967 843 4038 βατράχου
944 3968 960 4019 9
979 3968 1054 4039 μόνη]
1074 3970 1154 4022 Arist:
1164 3970 1224 4021 hist.
1235 3969 1314 4021 enim.
1326 3963 1345 4019 Γ
1357 3967 1388 4019 15
1407 3983 1432 4035 p.
1444 3966 1554 4020 519b14

196 4056 249 4128 ἔχει
271 4055 298 4109 δί
322 4055 406 4108 κύστιν
427 4055 457 4108 οδ
480 4059 573 4121 πάντα,
595 4055 659 4107 ἀλλὰ
680 4057 712 4108 τὰ
734 4056 779 4124 μὲν
801 4055 917 4124 ζῳοτόκσ
938 4057 1031 4122 πάντα,
1053 4062 1105 4108 τῶν
1127 4056 1148 4108 δ’
1163 4054 1285 4126 ᾠοτόκων
1306 4055 1323 4125 ἡ
1345 4052 1446 4124 χελώνη
1469 4055 1554 4123 μόνον.

195 4145 228 4197 of.
246 4160 335 4212 gener.
349 4145 429 4197 enim.
443 4141 465 4196 A
479 4143 510 4195 13
529 4160 554 4211 p.
568 4142 658 4196 72025
793 4142 825 4194 10
847 4141 929 4208 eoois]
947 4144 1027 4197 Arist.
1041 4146 1101 4197 hist.
1115 4146 1193 4196 anim.
1205 4140 1226 4195 Δ
1240 4144 1266 4195 11
1288 4159 1314 4210 p.
1327 4141 1437 4194 5371224
1462 4142 1513 4194 ἔστι
1532 4141 1562 4194 δ’

195 4228 270 4284 aoeies
288 4231 360 4301 ἄρρεν
378 4232 423 4284 καὶ
439 4230 505 4300 θῆλυ
519 4231 545 4284 ἰν
557 4236 608 4289 τοῖς
620 4231 739 4299 μονίμοις,
758 4227 807 4282 οὐδ’
819 4227 886 4288 ὅλως
898 4232 925 4283 ἐν
938 4240 989 4290 τοῖς
1002 4231 1216 4301 ὀστρακοδέρμοις.
1245 4231 1276 4282 cf.
1293 4246 1379 4299 gener.
1394 4230 1473 4281 anim.
1486 4227 1508 4282 A
1520 4228 1554 4282 23

195 4337 221 4388 p.
235 4317 402 4372 731118-14
510 4319 539 4370 ll
563 4325 615 4370 τῶν
633 4317 755 4387 ἐντόμων]
775 4318 857 4369 Arist.
870 4319 931 4371 hist.
944 4321 1023 4372 anim.
1037 4317 1086 4372 Es
1105 4337 1131 4388 p.
1144 4318 1252 4371 5411234
1275 4318 1307 4369 τά
1325 4315 1343 4369 δ’
1360 4317 1451 4384 ἔντομα
1470 4318 1554 4386 συνέρ-

195 4425 269 4477 χεται
288 4408 334 4476 μὲν
356 4403 470 4470 ὄπισθεν,
492 4405 537 4459 εἰτ’
553 4405 669 4474 ἐπιβαίνει
690 4404 719 4456 τό
740 4404 842 4457 ἔλαττον
861 4407 901 4457 ἰπί
917 4405 946 4458 τὸ
965 4408 1058 4474 μεῖζον·
1083 4411 1157 4459 τούτο
1176 4405 1195 4458 δ’
1213 4407 1264 4457 ἐστὶ
1282 4404 1311 4455 τὸ
1331 4404 1410 4473 ἄρρεν.
1442 4405 1555 4474 ἐναιρίησι

195 4494 221 4547 δὲ
238 4493 282 4546 τόν
300 4493 378 4564 πόρον
395 4491 509 4546 κάτωθεν
527 4493 556 4546 τό
573 4491 639 4562 θῆλυ
658 4494 691 4551 εἰς
708 4491 737 4546 τό
756 4493 829 4563 ἄρρεν
847 4493 877 4545 τὸ
896 4494 993 4559 ἐπάνω,
1016 4492 1068 4546 ἀλλ’
1084 4493 1113 4546 ού
1130 4493 1159 4546 τὸ
1178 4493 1251 4562 ἀρρεν
1268 4493 1302 4550 εἰς
1321 4492 1350 4544 τὸ
1368 4489 1448 4561 θῆλυ,
1467 4491 1553 4562 ὥσπερ

196 4583 237 4636 ἰπὶ
255 4588 308 4635 τῶν
326 4580 411 4634 ἄλλων

196 4824 213 4876 5
236 4826 280 4878 καὶ
298 4824 394 4877 delevit
412 4823 513 4876 Sohone
630 4821 645 4872 9
671 4819 760 4891 χελόνη
780 4821 800 4872 Ρ
925 4821 956 4873 15
982 4821 1019 4873 ἔτι
1037 4820 1062 4873 δὲ
1081 4822 1112 4873 τά
1130 4818 1181 4890 ἤθη
1201 4823 1283 4874 Rose:
1309 4820 1353 4890 ἔπη
1373 4819 1399 4872 δὲ
1417 4820 1449 4872 τά
1467 4817 1513 4889 ἔθη
1532 4820 1552 4872 Ρ

198 4912 230 4964 14
253 4911 289 4971 ώς
307 4912 437 4985 προεῖπον]
455 4926 534 4979 συρτει
552 4908 615 4978 §53
720 4908 749 4960 17
775 4905 904 4961 Bsddidi
1005 4908 1040 4961 20
1061 4906 1202 4978 προταχθὲν
1221 4909 1327 4976 scripsi:
1350 4905 1513 4978 προταθὲνΙ)

1309 4993 1355 5059 3*
