3510 5610
639 303 849 363 sonomoous
868 304 915 364 ΑῘ)
934 305 1116 363 GHOSROEM
1509 303 1549 372 61

249 479 446 544 sensibilibus
474 480 547 545 facti
574 481 629 564 qni
655 480 844 544 extrinsecus
870 482 977 566 etqui
1000 503 1037 546 ex
1064 502 1190 566 corpore
1211 480 1319 544 insunt
1340 489 1503 545 remanent
1520 494 1571 554 564

251 581 345 645 etiam
367 583 508 647 sensibus
530 583 593 647 iam
615 584 857 662 transcuntibus,
880 584 933 648 sed
957 593 987 649 et
1010 607 1080 649 cum
1097 583 1280 648 dormimus:
1305 583 1402 666 magis
1418 583 1501 647 enim

250 690 325 748 tunc
346 691 497 770 apparent
520 705 555 750 eo
578 686 660 769 quod
683 686 817 750 interdiu
841 687 966 770 quidem
990 688 1185 772 expellantur
1206 694 1238 750 et
1253 692 1441 750 euanescant
1455 687 1500 750 in-
1607 687 1609 692 ’

251 786 424 871 telligentia
450 795 482 853 et
513 789 654 852 sensibus
688 789 902 872 operantibus,
936 790 1018 854 siout
1047 791 1149 854 minor
1175 789 1254 872 ignis
1280 811 1298 852 a
1325 789 1441 853 maiore
1470 796 1502 853 et

222 904 365 972 oparuae
387 891 543 975 passiones
566 913 585 955 a
606 891 740 975 magnis3
763 897 857 954 noctu
879 911 952 956 uero
975 899 1100 976 propter
1120 913 1267 956 sensuum
1288 891 1447 956 silentium
1470 896 1501 955 et

251 993 464 1058 infirmitatem
488 992 636 1077 operandi
662 1000 897 1078 supercrescunt
923 993 1018 1058 etiam
1045 1015 1155 1078 parua,
1184 1001 1215 1058 et
1241 995 1352 1058 accidit
1379 993 1501 1058 eosdem

249 1103 352 1159 motus
373 1097 441 1160 fieri
463 1096 684 1174 continuatim,
707 1117 797 1180 saepe
821 1096 946 1180 quidem
967 1097 1098 1176 similes,
1125 1117 1217 1180 saepe
1239 1118 1313 1161 uero
1336 1096 1500 1161 dissolutos
1514 1113 1541 1155 ιο

249 1198 284 1262 in
306 1199 383 1263 alias
408 1199 520 1282 figuras
552 1219 607 1283 per
639 1199 796 1262 subiectae
829 1199 978 1264 materiae
1012 1199 1257 1264 resultationem.
1301 1222 1337 1264 ac
1363 1221 1418 1284 per
1445 1200 1503 1264 hoc

250 1321 351 1385 neque
374 1306 443 1385 post
465 1321 586 1365 aescam
609 1301 765 1380 continuo,
788 1303 869 1366 sicut
884 1323 985 1387 neque
1001 1302 1181 1381 infantibus,
1205 1303 1326 1367 somnia
1341 1310 1501 1387 apparent.
1603 1331 1607 1338 ·

211 1416 237 1461 ιο
251 1404 404 1485 quomodo
426 1404 459 1468 in
481 1404 588 1468 umido
610 1404 791 1488 perturbato
814 1404 902 1468 nulla
922 1405 1033 1468 umbra
1056 1411 1185 1489 apparet
1207 1406 1257 1469 uel
1273 1407 1368 1470 etiam
1383 1412 1501 1490 pertur-

250 1507 324 1570 bata
345 1505 480 1586 uidetur,
501 1507 612 1571 silente
634 1527 708 1570 uero
731 1507 837 1572 umido
860 1528 952 1592 pura,
975 1516 1126 1592 apparent
1147 1508 1181 1571 in
1203 1507 1383 1572 dormiendo
1406 1508 1502 1592 phan-

250 1614 386 1673 tasmata
408 1614 440 1673 et
461 1609 573 1693 reliqui
594 1617 697 1673 motus
720 1610 774 1694 qui
795 1631 814 1674 a
835 1610 1035 1684 sensibilibus
1057 1609 1211 1674 accidunt.
1255 1610 1362 1694 itaque
1385 1616 1416 1674 et
1438 1631 1502 1674 me·

250 1711 430 1776 laneholiois
453 1719 485 1775 et
507 1711 754 1776 febricitantibus
777 1718 808 1776 et
829 1712 989 1776 inebriatis
1012 1713 1146 1777 uisiones
1169 1713 1314 1777 turbatae
1336 1727 1500 1798 apparent;

250 1814 411 1879 inflatione
430 1835 505 1878 uero
526 1813 653 1879 sedente
677 1822 708 1878 et
728 1815 878 1897 sanguine
900 1814 1031 1879 discreto
1053 1814 1076 1897 †
1097 1821 1203 1878 tantus
1224 1813 1247 1896 †
1268 1815 1413 1879 salutaris
1434 1838 1502 1880 sen·
1516 1831 1543 1874 so
1597 1891 1603 1905 ι

209 1932 237 1977 lo
249 1940 352 1983 sorum
377 1922 479 1981 motus
501 1938 539 1981 ex
561 1938 747 2001 unoquoque
769 1919 963 1985 sensibilium
986 1917 1206 2000 consequentia
1226 1921 1257 1980 et
1272 1917 1414 1982 ordinata
1429 1921 1504 1984 lacit
1522 1934 1572 1993 565

249 2020 379 2085 somnia.
422 2020 583 2084 sciendum
605 2027 710 2084 autem
732 2041 797 2084 esse
825 2042 862 2083 ex
886 2020 1034 2104 hisquae
1061 2041 1116 2104 per
1138 2019 1220 2083 diem
1247 2021 1326 2082 liunt
1352 2027 1407 2084 aut
1430 2044 1501 2086 cau-

249 2143 317 2186 sam
343 2128 398 2186 aut
424 2122 547 2206 signum
575 2129 630 2187 aut
660 2123 914 2208 consequentiam
946 2129 978 2186 et
1009 2121 1205 2187 conueniens.
1250 2143 1344 2186 eausa
1377 2124 1501 2207 quidem

249 2231 323 2289 sunt
345 2245 559 2309 quaecumque
582 2226 621 2290 ad
642 2226 702 2290 iter
724 2225 877 2309 agendum
900 2225 1084 2289 naturaliter
1105 2225 1213 2288 insunt
1227 2231 1259 2289 et
1274 2225 1312 2288 ad
1328 2226 1501 2310 intelligen-

250 2327 328 2391 tiam
350 2327 497 2407 mouendi
518 2327 552 2391 in
574 2329 785 2412 operationem
807 2327 926 2391 utiliter
947 2327 1143 2412 apparentia3
1170 2327 1292 2410 signum
1319 2350 1392 2393 uero
1419 2318 1502 2415 quod

209 2430 418 2495 sesecundum
444 2434 565 2494 motum
598 2432 828 2496 nocturnalium
860 2428 1118 2514 phantasmatum
1149 2430 1280 2509 factum;
1314 2431 1502 2497 conueniens

249 2540 354 2599 autem
376 2554 446 2597 eum
469 2553 507 2596 ex
529 2533 664 2615 quadam
686 2535 810 2599 fortuna
832 2555 869 2598 ea
891 2554 971 2617 quae
994 2554 1064 2596 cum
1087 2533 1137 2596 die
1161 2532 1241 2596 liunt
1259 2544 1500 2619 consequuntur.
1514 2554 1543 2596 oo

249 2643 352 2702 motus
373 2655 496 2720 quoque
510 2656 566 2720 per
580 2634 672 2715 diem,
696 2638 785 2722 parui
800 2637 928 2722 quidam
943 2636 1018 2700 dum
1032 2636 1106 2714 sint,
1128 2635 1296 2700 maioribus
1312 2637 1500 2722 euigilatiuis
1555 2637 1557 2641 ’

196 2825 238 2879 ίπί
255 2825 303 2896 τὴν
321 2824 402 2897 ἀρχὴν
420 2827 465 2895 τῆς
488 2821 629 2893 αίσθῆσειυς
646 2827 830 2896 καταφέρονται
852 2831 896 2879 καὶ
914 2826 1023 2895 γίνονται
1041 2824 1144 2893 φανεραί
1163 2821 1348 2896 καθισταμένης
1370 2831 1417 2896 τῆς
1434 2832 1555 2902 ταραχῆς.

196 2912 273 2966 δεῖθ’
295 2911 429 2981 ὑπολαβεῖν
447 2909 531 2985 ὥσπερ
553 2912 599 2970 τὰς
616 2914 706 2984 μικρὰς
724 2912 792 2971 δίνας
812 2914 857 2971 τὰς
875 2914 900 2966 ἐν
917 2919 969 2971 τοῖς
991 2917 1113 2979 ποταμοῖς
1138 2913 1282 2980 γινομένας,
1306 2910 1374 2965 οὕτω
1393 2914 1440 2984 τὴν
1459 2915 1556 2984 κίνησιν

196 3001 307 3070 έκάστην
324 2996 434 3069 γίνεσθαι
451 3004 576 3070 συνεχῶς,
600 2999 721 3059 πολλάκις
739 3001 784 3068 μέν
803 3000 909 3071 ὁμοίως,
931 3000 1052 3058 πολλάκις
1076 2998 1102 3052 δέ
1120 2998 1282 3068 διαλυομένοις
1304 3000 1337 3059 είς
1355 2999 1420 3053 ἄλλα
1437 3003 1556 3071 σχήματα

197 3087 237 3140 διὰ
258 3087 306 3156 τὴν
323 3085 489 3158 ἀντίκρουσιν.
525 3086 562 3140 διδ
581 3088 625 3140 καί
648 3089 711 3157 μετὰ
732 3089 780 3158 τὴν
798 3089 894 3159 τροφὴν
916 3090 960 3141 καί
982 3089 1087 3155 πάμπαν
1110 3088 1175 3144 νέοις
1193 3086 1275 3152 οὖσιν,
1301 3088 1352 3140 οἷον
1374 3095 1426 3145 τοῖς
1444 3089 1556 3153 παιδίοις,

197 3174 227 3228 ob
245 3174 339 3245 γίνεται
355 3172 469 3226 ένίιπνια·
492 3173 572 3244 πολλὴ
591 3176 638 3246 γὰρ
655 3175 672 3245 ῆ
691 3175 787 3245 κίνησις
805 3175 845 3229 διὰ
862 3177 910 3246 τὴν
928 3175 976 3228 ἀπὸ
995 3178 1041 3245 τῆς
1058 3177 1154 3245 τροφῆς
1171 3172 1323 3245 θερμότητα.
1356 3174 1422 3229 ὥστε
1441 3175 1557 3251 καθάπερ

104 3309 116 3326 ,
197 3263 224 3316 έν
242 3262 325 3333 δγριβ,
343 3262 387 3314 lav
405 3260 499 3334 σφόδρα
518 3266 576 3333 κινῆ
594 3281 643 3328 τις,
663 3262 706 3323 bul
723 3265 768 3332 μὲν
787 3262 857 3316 obbia
876 3263 986 3332 φαίνεται
1006 3261 1110 3314 είδυιλον
1130 3260 1171 3313 oce
1190 3260 1216 3313 δὲ
1235 3262 1347 3331 φαίνεται
1365 3265 1410 3332 μὲν
1428 3264 1557 3337 διτστραμ·

197 3351 272 3420 μένον
290 3349 317 3402 tl
335 3350 452 3418 πάμπαν,
476 3347 541 3401 ὥστε
559 3348 690 3418 φαίνεσθαι
708 3349 808 3403 ἀλλοῖον
829 3351 845 3421 ῆ
865 3351 917 3403 οίόν
936 3352 1015 3412 ἐστιν,
1036 3350 1209 3420 ῆρεμῆσαντος
1227 3348 1252 3402 δὲ
1271 3348 1372 3420 καθαρὰ
1390 3352 1434 3404 καί
1452 3354 1557 3425 φανερά,

198 3435 266 3490 οὗτοι
286 3438 330 3490 καί
348 3437 374 3489 έν
392 3440 429 3506 τῷ
448 3435 577 3488 καθεθδειν
594 3437 626 3489 τοί
639 3438 805 3507 φαντάσματα
823 3439 866 3490 καί
884 3437 910 3490 αί
926 3436 1057 3489 ὑπόλοιποι
1075 3437 1185 3506 κινήσεις
1203 3437 1228 3488 ul
1241 3438 1418 3508 συμβαίνουσαι
1435 3439 1485 3492 ἀπό
1503 3447 1557 3492 τῶν

198 3522 364 3595 αίσθημάτων
383 3521 424 3576 ὁτὲ
443 3524 487 3591 μὲν
506 3522 553 3575 ὑπὸ
573 3518 683 3591 μείζονος
702 3521 778 3595 οὔσης
795 3529 841 3594 τῆς
859 3525 991 3595 εἰρημένης
1009 3525 1135 3595 κινήσεως
1152 3524 1313 3594 ἀφανίζονται
1331 3528 1449 3594 πάμπαν,
1470 3527 1511 3580 ὁτὲ
1530 3527 1556 3581 δὲ

197 3613 378 3684 τεταραγμέναι
396 3610 525 3681 φαίνονται
544 3610 569 3663 ul
588 3609 658 3680 ὄψεις
677 3611 720 3662 καί
738 3611 887 3684 τερατώδεις
909 3613 952 3664 καί
971 3611 1018 3664 οὐκ
1037 3612 1167 3684 ἐρριμμένα
1183 3613 1215 3665 τὰ
1233 3612 1347 3678 ένῦπνια,
1374 3613 1426 3666 οίον
1445 3621 1496 3672 τοῖς
1514 3633 1557 3683 με·

197 3698 357 3773 λαγχολικοῖς
379 3699 423 3751 καί
441 3699 588 3768 πυρέττουσι
609 3700 653 3751 καί
677 3699 834 3767 οίνιυμένοις·
862 3701 942 3751 πάντα
968 3700 1014 3772 γὰρ
1036 3700 1188 3752 τὰτοιαῦτα
1211 3699 1280 3770 πάθη
1305 3702 1472 3772 πνευματώδη
1497 3702 1557 3756 ὄντα

197 3786 295 3855 πολλὴν
313 3791 379 3838 ποιεῖ
399 3784 496 3855 κίνησιν
520 3785 563 3837 καί
580 3786 703 3855 ταραχήν.
740 3785 926 3854 καθισταμένου
947 3786 1035 3839 δὲκαὶ
1056 3785 1243 3856 διακρινομένου
1266 3792 1311 3840 τοῦ
1330 3789 1434 3856 αίματος
1457 3791 1483 3841 ἐν
1505 3797 1558 3848 τοῖς

198 3873 319 3943 έναίμοις,
344 3874 474 3942 σῳζομένη
497 3879 550 3925 τῶν
569 3872 733 3942 αίσθημάτιυν
755 3874 772 3943 lp
791 3875 886 3944 κίνησις
909 3872 954 3942 ἀφ’
976 3874 1083 3926 ἑκάστου
1106 3880 1159 3926 τῶν
1183 3873 1354 3944 αἰσθητηρίων
1377 3877 1507 3948 έρρυιμένα
1528 3895 1556 3930 τε
1663 3914 1670 3927 .

197 3969 263 4015 πουῖ
279 3962 311 4014 τά
329 3960 440 4025 ἐνύπνια,
458 3963 502 4014 καί
520 3960 649 4030 φαίνεσθαί
666 3979 691 4013 τι
708 3962 752 4013 καί
770 3960 852 4014 δοκεῖν
871 3961 910 4014 διὰ
930 3962 975 4030 μέν
993 3962 1025 4012 τὰ
1043 3960 1092 4013 ἀπὸ
1109 3967 1154 4032 τῆς
1172 3961 1256 4032 ὄψεως
1275 3962 1468 4035 καταφιρόμενα
1487 3963 1555 4038 δρᾶν,

198 4048 238 4101 διὰ
259 4048 287 4101 δὲ
308 4049 340 4099 τά
362 4047 411 4100 dub
433 4052 479 4118 τῆς
502 4048 581 4119 ἀκοῆς
602 4047 702 4100 daubus
832 4049 862 4100 17
891 4049 1055 4102 cidristot.
1074 4048 1197 4112 lentat,
1220 4047 1329 4101 463222
1457 4051 1490 4103 22
1517 4053 1555 4105 ld.

197 4135 302 4189 tomo:
327 4135 352 4187 αί
370 4136 416 4205 γάρ
435 4133 493 4204 μεθ’
515 4135 611 4207 ἡμέραν
629 4135 752 4204 γινόμεναι
771 4136 888 4206 κινήσεις,
906 4135 936 4188 ἂν
955 4135 990 4204 μὴ
1010 4135 1105 4205 σφόδρα
1123 4133 1229 4204 μεγάλαι
1248 4135 1295 4189 ὦσι
1312 4139 1356 4190 καί
1375 4138 1480 4210 ίσχυραί,
1498 4138 1556 4191 λαν·

197 4221 302 4276 θάνουσι
320 4224 387 4294 παρὰ
405 4222 503 4291 μείζους
524 4225 569 4281 τὰς
587 4224 748 4296 έγρηγορικὰς
767 4223 884 4292 κινῆσεις.
920 4221 946 4274 έν
964 4222 990 4276 δὲ
1013 4226 1053 4292 τῷ
1071 4220 1201 4276 καθεόδειν
1218 4223 1375 4278 τούναντίον·
1403 4226 1511 4299 καὶγὰρ
1530 4227 1556 4280 ul

199 4312 286 4383 μικραί
305 4309 410 4380 μεγάλαι
428 4309 543 4362 δοκοῦσιν
562 4311 630 4363 εἶναι.
667 4310 742 4382 δῆλον
760 4309 783 4362 δ’
805 4310 846 4363 έπί
864 4315 917 4361 τῶν
936 4309 1123 4380 συμβαινόντων
1146 4312 1213 4363 κατὰ
1234 4313 1293 4370 τοὺς
1311 4311 1403 4370 ὕπνους
1420 4312 1555 4372 πολλάκις·

199 4398 291 4451 οίονται
313 4399 361 4470 γὰρ
378 4395 559 4467 κεραυνοῦσθαι
581 4398 625 4449 καί
644 4395 794 4470 βροντᾶσθαι
817 4403 915 4469 μικρῶν
933 4397 1006 4468 ἤχων
1030 4399 1058 4450 έν
1076 4404 1128 4456 τοῖς
1151 4397 1198 4450 ὠσί
1221 4393 1372 4467 γινομένων,
1395 4401 1438 4452 καί
1458 4400 1557 4468 μέλιτος
1638 4445 1642 4453 ,

198 4488 242 4540 καί
260 4485 375 4556 γλυκίων
393 4491 484 4557 χυμῶν
502 4483 635 4538 ἀπολαδειν
654 4485 785 4557 ἀκαριαίου
803 4483 946 4555 φλέγματος
963 4485 1156 4558 καταρρέοντος,
1174 4487 1217 4538 καί
1237 4486 1341 4556 βαδίζειν
1360 4485 1400 4539 διὰ
1418 4485 1495 4557 πυρὸς
1514 4487 1557 4539 καί

198 4572 376 4646 θερμαίνεσθαι
393 4573 487 4645 σφόδρα
506 4578 596 4643 μικρᾶς
613 4571 750 4646 θερμασίας
768 4572 823 4645 περί
840 4591 895 4625 τινα
916 4575 979 4644 μέρη
998 4575 1143 4645 γιγνομένης

198 4731 319 4783 ⁴lminor
339 4728 387 4782 0²:
406 4732 530 4783 minimus
551 4729 586 4782 (3¹
676 4730 706 4782 ll
726 4729 885 4782 fantasmata
906 4728 929 4780 G
1024 4731 1054 4782 ll
1072 4728 1175 4799 tantus]
1195 4730 1256 4780 αι’λιί
1274 4730 1402 4799 respondet
1421 4730 1445 4781 ιἰι
1463 4749 1557 4798 praeca

199 4819 308 4868 ονιιιίοιια
466 4818 497 4870 15
526 4817 657 4887 οιιίίιιαία]
678 4819 732 4883 fuit
753 4819 814 4880 [οτι.
836 4835 924 4885 praere
949 4815 1100 4869 καθεστῶτα
1127 4817 1173 4886 (cs.
1198 4817 1282 4869 Θίοετ.
1303 4836 1342 4883 pr.
1366 4817 1409 4868 lat.
1433 4819 1461 4868 dc
1489 4818 1557 4870 Luca

195 4925 225 4975 μ.
237 4905 286 4959 193
307 4906 404 4974 Miller)
512 4905 546 4959 20
564 4905 748 4958 fantasmatum
770 4907 793 4957 0
900 4904 931 4956 21
951 4905 1103 4959 sunnone
