3510 5610
297 302 545 355 Ams'ropnAxls
565 304 747 355 mswnmfl
767 302 958 357 Ammon
979 304 1127 359 Emona
1148 306 1168 357 ΙΙ
1189 306 1336 359 ’ὶίιθ-ὶίίιῖ
1450 310 1488 371 91

189 474 343 559 λεγόμενον
371 476 516 560 βοτάνιον,
543 476 727 559 ἀνθρωπείαν
754 476 861 559 κόπρον
888 482 1022 561 φαγοῦσα
1049 479 1206 561 ὑγιάζεται·
1241 480 1310 543 όθεν
1336 484 1363 543 οί
1390 482 1441 561 θη-

190 576 321 659 ρεόοντες
341 576 432 646 αδτάς
452 578 505 661 τὴν
528 576 635 662 κόπρον
657 579 732 643 κατά
752 584 806 663 τής
827 578 944 663 ἐνέδρας
966 580 1089 645 τιθέασι.

273 678 383 763 (250⁸)
415 678 542 743 Γίνονται
564 678 589 743 δ’
610 681 640 745 ἐν
663 685 700 765 τῇ
724 679 810 765 ’,λσίογ
837 683 1007 766 παρδαλεις,
1034 683 1064 745 ἐν
1091 684 1124 746 δὲ
1150 686 1187 766 τῇ
1218 680 1350 768 Εὐρώπη
1375 680 1437 745 οὐδ’

190 780 267 851 όλως
287 784 420 865 γίνονται.

160 898 175 941 ·'¹
276 885 369 968 (251)
395 882 480 949 Ἴδιον
502 884 528 948 δ’
550 882 614 969 ἔχει
635 887 655 969 ή
679 887 817 971 πάρδαλις
839 888 872 949 τὸ
894 892 980 950 κινεῖν
1001 888 1034 949 τδ
1057 886 1145 973 ἀκρον
1166 894 1218 972 τῆς
1240 889 1329 973 οὐρᾶς
1350 886 1440 971 αὐτής

190 988 392 1071 ἀκινητοόσης.

273 1090 367 1172 (⁶252)
394 1088 459 1155 Ὅτι
482 1090 529 1153 διά
549 1092 582 1153 τό
605 1091 824 1175 ἀποδιδράσκειν
852 1093 920 1160 τοὺς
946 1092 1089 1175 πιθήκους
1114 1092 1162 1155 ἐπὶ
1188 1090 1250 1175 <τά>
1276 1092 1393 1175 δένδρα,
1420 1091 1439 1173 ἡ

188 1192 329 1276 πάρδαλις
349 1198 399 1257 τοῦ
415 1194 541 1277 πιθήκου
559 1194 740 1277 δολερωτέρα
755 1192 827 1258 οὖσα
843 1199 961 1257 τοιαῦτα
976 1197 1152 1276 παλαμάται.
1184 1196 1289 1278 ἑαυτήν
1305 1194 1442 1277 ὑπέρριψε

188 1292 315 1379 δένδρῳ,
344 1294 348 1381 ]
376 1298 425 1359 καὶ
451 1300 543 1359 κεῖται
570 1296 669 1370 ὑπτία,
697 1297 745 1359 καὶ
771 1298 823 1380 τὴν
846 1296 971 1380 γαστέρα
994 1298 1157 1379 διώγκωσε,
1184 1303 1297 1381 παρῆκε
1319 1297 1351 1359 δὲ
1372 1296 1493 1359 τάκ-ὅθι

148 1412 177 1455 ιο
189 1396 280 1482 σκέλη
308 1400 356 1462 καὶ
381 1402 424 1461 τὼ
451 1398 598 1483 όφθαλμὼ
624 1399 783 1481 κατέμυσε,
810 1399 901 1471 πιέζει
927 1400 960 1461 δὲ
987 1400 1035 1462 καὶ
1062 1400 1180 1484 συνέχει
1206 1401 1239 1462 τό
1266 1398 1368 1481 ἆσθμα
1393 1401 1441 1462 καὶ

187 1506 280 1564 κεῖται
309 1502 356 1564 οία
383 1503 479 1585 νεκρά.
531 1500 581 1563 ἕνα
608 1498 657 1563 οὖν
686 1502 713 1563 οί
740 1502 860 1584 πίθηκοι
888 1502 1055 1586 ἀδεέστερον
1083 1502 1333 1584 καταπέμπουσιν,
1362 1503 1378 1563 ό
1407 1503 1439 1565 δὲ

189 1588 301 1667 κάτεισι
322 1606 370 1667 καὶ
394 1605 494 1687 μικρὸν
517 1604 586 1665 ίδὼν
610 1601 767 1687 ἀνέστρεψε
788 1605 836 1666 καὶ
858 1605 943 1667 πάλιν
970 1606 1115 1689 κατῆλθε,
1142 1606 1190 1668 καί
1217 1605 1337 1687 πλησίον
1364 1604 1441 1687 γενό-

189 1729 275 1789 μενος
302 1708 475 1792 ἀνεχώρησε
501 1706 549 1769 καὶ
577 1704 753 1789 ὑπέστρεψεν
781 1704 880 1782 αὖθις,
907 1706 955 1768 καὶ
978 1708 1030 1790 τὴν
1053 1708 1223 1790 πανουργίαν
1246 1706 1368 1791 ἐξήτασε
1389 1714 1442 1791 τῆς

189 1808 334 1892 κειμένης.
371 1811 391 1892 ή
415 1810 447 1872 δὲ
470 1810 589 1893 ἀτρεμεῖ
610 1810 689 1891 μαλα
711 1808 865 1892 ἐγκρατῶς.
906 1808 1009 1892 ἀθρόοι
1031 1807 1081 1872 οὖν
1103 1808 1251 1892 γενόμενοι
1272 1810 1299 1871 σί
1322 1810 1441 1893 πίθηκοι

147 1926 175 1969 15
188 1912 411 1996 περιχορεύουσι
433 1912 480 1974 καὶ
504 1913 662 1996 κυβιστῶσι
684 1910 824 1995 κέρτομόν
846 1934 872 1973 τι
899 1912 947 1973 καὶ
970 1910 1153 1996 δρχηστικόν.
1198 1914 1216 1994 ἡ
1240 1912 1272 1975 δὲ
1295 1911 1440 1995 ὑπομένει,

187 2016 239 2077 καὶ
265 2013 409 2097 καμόντας
436 2014 541 2083 αὐτοὺς
569 2014 625 2076 ὑπό
653 2019 706 2097 τής
732 2014 849 2098 χορείας
876 2013 1025 2097 ἀδοκήτως
1053 2014 1266 2098 ἀναπηδήσασα
1293 2015 1360 2083 τοὺς
1389 2016 1441 2097 μὲν

189 2123 252 2187 τοῖς
274 2118 350 2187 ὄνυξι
372 2116 497 2199 διέξηνε,
523 2117 590 2185 τοὺς
612 2118 645 2179 δὲ
667 2120 727 2183 τοῖς
749 2116 848 2179 δδοῦσι
870 2117 1022 2191 διέσπασε,
1049 2118 1097 2180 καὶ
1120 2116 1286 2179 πανθοινίαν
1309 2117 1441 2202 ἀφθονω·

190 2222 281 2304 τάτην
302 2218 375 2305 ἔχει.

279 2322 373 2405 (253)
400 2320 559 2407 Ἔχθιστον
581 2322 613 2384 δὲ
635 2326 673 2405 τῇ
696 2321 837 2404 παρδάλει
858 2322 877 2405 ἡ
902 2321 994 2384 όαινα.

146 2440 177 2485 ευ
277 2425 370 2507 (254)
398 2423 547 2508 Ἄμπελον
570 2426 602 2487 δὲ
618 2425 772 2506 όμώνυμον
795 2429 837 2508 τῷ
853 2427 937 2508 φυτιγῖ
959 2424 1099 2509 πάρδαλίν
1114 2447 1177 2488 τινα
1198 2426 1275 2488 οὕτω
1292 2426 1446 2489 καλεῖσθαί

190 2548 263 2612 φασι
284 2528 401 2611 φύσεως
416 2528 488 2596 ἰδίας
511 2530 729 2611 μετειληχυῖαν,
753 2528 800 2589 καὶ
816 2526 904 2610 οὐράν
927 2526 980 2589 οὐκ
995 2526 1074 2612 ἔχειν
1097 2528 1196 2590 ἀκούω
1219 2526 1323 2611 αὐτήν·
1350 2528 1443 2591 καὶεί

191 2632 275 2715 όρθή
298 2631 418 2713 γυναικί,
441 2630 481 2698 είς
503 2629 587 2693 νόσον
611 2628 752 2711 ἀδόκητον
774 2629 912 2713 ἐμβάλλει
932 2628 1032 2714 αὐτήν.

276 2732 370 2815 (255)
404 2732 548 2815 ΙΙάρδαλις
570 2732 603 2794 δὲ
620 2729 732 2815 Καρική
757 2733 804 2794 καὶ
821 2732 951 2815 νλυκιακὴ
967 2732 1021 2795 οὐκ
1035 2729 1096 2795 ἔστι
1118 2733 1238 2817 θυμική,
1255 2732 1323 2796 οὐδὲ
1338 2734 1440 2816 όιλτικὴ

192 2836 318 2920 σφόδρα,
344 2837 377 2898 τδ
404 2842 490 2915 σῶμα
517 2834 549 2897 δὲ
576 2835 687 2919 μακραί,
715 2834 866 2903 ἀντίτυπος
891 2835 924 2897 δὲ
951 2837 989 2917 τή
1016 2836 1115 2919 φθυρῖρ
1141 2836 1189 2898 καὶ
1212 2835 1245 2898 οὐ
1270 2836 1376 2921 ῥαδίως
1397 2841 1440 2919 τῷ

148 2956 178 2999 εν
192 2942 304 3025 σιδήρῳ
325 2936 452 3001 είκουσα.

276 3040 370 3124 (256)
398 3036 483 3104 Ἔστι
505 3040 537 3102 δὲ
559 3040 591 3101 τό
614 3044 690 3124 ζῷον
712 3041 732 3124 ή
755 3041 895 3123 πάρδαλις
916 3044 974 3102 τῶν
997 3040 1248 3125 καρχαροδόντων.

276 3143 371 3227 (257)
407 3141 540 3210 Εὐωδίας
568 3144 643 3209 τινδς
673 3142 844 3226 θαυμαστῆς
872 3142 924 3225 τἠν
957 3144 1097 3227 πάρδαλιν
1127 3143 1328 3227 μετειληχέναι
1360 3144 1441 3227 φασί,
1500 3216 1504 3223 ,

193 3250 263 3332 ήμῖν
286 3248 338 3330 μὲν
360 3246 540 3330 ἀπορρήτου,
563 3243 636 3327 αὐτή
660 3246 692 3307 δὲ
714 3243 775 3307 οἶδε
796 3246 829 3306 τδ
854 3244 1055 3329 πλεονέκτημα
1077 3247 1109 3308 τδ
1132 3246 1252 3320 οἰκεῖον,
1274 3246 1323 3309 καὶ
1346 3246 1443 3328 μέντοι

194 3352 243 3413 καὶ
264 3350 300 3413 τά
316 3348 391 3412 ἀλλα
408 3354 473 3433 ζῷα
496 3348 696 3411 συνεπίσταται
717 3351 802 3411 τοῦτο
817 3354 854 3431 τῇ
871 3349 1019 3431 παρδάλει,
1042 3349 1090 3411 καὶ
1113 3349 1258 3413 ἁλίσκεται
1273 3350 1322 3411 τόν
1337 3347 1442 3431 τρόπον

138 3606 157 3659 3
175 3604 295 3676 γίνονται]
315 3606 395 3658 Arist.
409 3606 469 3657 hist.
482 3606 562 3657 anim.
575 3602 596 3657 Θ
609 3604 642 3655 28
661 3620 686 3671 p.
699 3602 807 3655 ‹xossblss
828 3602 959 3673 παρδάλεις
977 3603 996 3657 δ’
1012 3606 1038 3657 ἐν
1056 3609 1089 3675 τῇ
1107 3603 1181 3675 Ἁσίρ,
1200 3605 1226 3657 ἐν
1244 3604 1271 3657 δὲ
1288 3612 1319 3676 τῇ
1336 3601 1447 3673 Εδριίιπη
1466 3603 1496 3656 οδ

137 3694 263 3763 γίγνονται
369 3692 474 3761 δίδιον]
494 3691 663 3759 probabiliter
680 3708 694 3743 e
712 3691 856 3745 Timotheo.
888 3692 920 3744 cf.
939 3708 1018 3759 supra
1036 3690 1059 3745 A
1074 3694 1122 3745 143
1140 3709 1166 3760 p.
1179 3693 1261 3757 34,1·2
1367 3691 1381 3742 7
1402 3689 1440 3743 ότι
1457 3690 1496 3742 διά

138 3780 170 3835 τδ
189 3779 389 3849 ἀποδιδράσκειν]
409 3779 441 3832 τί.
460 3780 516 3832 ΛεΙ.
529 3784 583 3831 nat.
597 3780 676 3831 anim.
690 3780 711 3829 V
723 3778 756 3830 54
777 3778 1070 3845 (p.135‚·21-1:‘‚6‚·27
1090 3780 1193 3845 llerch.)
1318 3778 1349 3831 19
1368 3775 1495 3847 ίχθιστον]

139 3868 175 3921 τί.
192 3867 250 3921 ,λελ
261 3874 316 3920 nat.
330 3868 410 3919 anim.
423 3868 455 3919 vl
467 3866 500 3918 22
518 3869 555 3934 (p.
567 3866 783 3929 148‚32-149‚1
800 3867 902 3930 llerch.)
1008 3868 1042 3919 ⁴20
1061 3866 1183 3935 ἄμπελον]
1204 3867 1259 3919 λεί.
1270 3872 1325 3920 nat.
1335 3867 1415 3919 anim.
1424 3864 1451 3917 X
1461 3864 1495 3917 39

137 3954 364 4025 (p.261‚‘28-32
379 3955 482 4017 llereh.)
501 3952 611 4021 άμπελον
624 3952 758 4021 ὁμώνυμον
775 3956 812 4019 τῷ
825 3956 897 4024 φυτηῑ
908 3952 1027 4023 πάρδαλίν
1039 3974 1092 4007 τινα
1105 3952 1172 4005 οὕτω
1185 3952 1314 4006 καλεῖσθαί
1325 3969 1384 4023 φασι
1396 3952 1495 4023 φόσεως

138 4042 203 4101 ίδίας
214 4044 282 4113 παρὰ
295 4044 339 4101 τάς
354 4042 441 4100 λοιπὰς
454 4040 626 4111 μετειληχνῖαν
643 4044 686 4093 καὶ
699 4040 773 4111 οὐράν
785 4040 832 4093 σὐκ
843 4040 909 4111 ἔχειν
922 4041 1009 4093 ἀκούω
1021 4040 1108 4111 αὑτήν.
1136 4042 1198 4111 ήπερ
1215 4040 1258 4092 οὖν
1272 4042 1293 4093 εἰ
1306 4039 1374 4111 ὀρθή
1394 4038 1494 4109 [ὀφθείη

137 4146 205 4185 corr.
221 4128 373 4198 Schneider]
391 4128 510 4199 γυναιξίν,
533 4130 557 4185 ἐς
575 4128 647 4179 νόσον
669 4128 787 4197 ἐμβάλλει
804 4128 928 4198 ἀδόκητον
950 4128 1027 4187 αὐτάς
1167 4128 1200 4179 ’23
1221 4126 1351 4198 πάρδαλις]
1371 4127 1427 4180 Aoi.
1441 4132 1495 4177 nat.

138 4218 358 4271 animxvllst}
376 4216 728 4285 (p.43l‚2'1—:}011erch.)
753 4213 875 4285 ΙΙάρδαλις
900 4212 1000 4287 Καρικὴ
1024 4218 1066 4269 καὶ
1088 4216 1203 4284 λυκιακὴ
1227 4216 1275 4267 οὐκ
1297 4215 1348 4267 ἔστι
1371 4215 1416 4283 μέν
1439 4213 1496 4281 [μὲν

139 4304 246 4359 delebat
260 4304 385 4373 Hercher]
404 4302 500 4374 θυμικὴ
519 4303 575 4355 ουδὲ
594 4302 633 4354 σ’ία
651 4302 744 4373 σφόδρα
762 4303 852 4373 άλτικὴ
871 4304 943 4365 εἶναι,
960 4304 988 4355 τὸ
1007 4310 1080 4370 σῶμα
1099 4302 1125 4356 δὲ
1143 4305 1236 4372 μακρά.
1264 4304 1451 4372 τιτρωσκομένη
1470 4300 1496 4352 δὲ

139 4392 186 4444 καλ
203 4390 289 4461 δόρασι
307 4393 351 4445 καλ
370 4392 471 4462 αἰχμαῖς
489 4390 618 4449 ἀντίτυπός
636 4391 687 4443 ἐστι
706 4392 748 4441 καὶ
766 4390 795 4443 οὒ
809 4390 899 4462 ῥαδίως
910 4394 948 4460 τῷ
960 4390 1052 4462 σιδήρῳ
1066 4391 1125 4443 εἴκει
1231 4390 1265 4443 :²6
1284 4388 1346 4457 ἔστι]
1366 4388 1398 4441 cf.
1415 4387 1495 4455 §2³45

139 4496 168 4547 ρ.
181 4478 264 4543 90,1’2
370 4478 403 4531 ’27
422 4477 537 4546 εὐωδίας]
558 4478 614 4530 λυλ
627 4482 680 4529 nat.
693 4478 772 4529 anim.
785 4478 806 4529 V
819 4477 853 4530 40
871 4480 907 4544 (ρ.
923 4476 1099 4542 128,15-25
1117 4480 1222 4541 ΗυτυΙι.)

137 4702 157 4755 3
181 4700 292 4761 σθδόλως
313 4702 333 4754 D
466 4700 481 4751 ’ί
507 4700 538 4751 τὰ
556 4700 644 4752 addidi
663 4717 694 4753 ex
715 4699 771 4751 λεί.
903 4700 919 4752 θ
943 4701 989 4770 τήν
1008 4702 1053 4768 μὲν
1071 4702 1127 4755 Λυλ
1255 4700 1416 4770 διόγκωσελ)

141 4790 184 4843 13.
201 4790 231 4841 14
251 4794 297 4858 τῆς
315 4790 431 4857 κειμένης
450 4789 554 4855 scripsi:
576 4792 621 4840 τοῦ
640 4788 754 4855 κειμένου
773 4788 794 4839 l)
904 4788 935 4839 17
956 4788 1050 4858 διέξηνε
1070 4789 1138 4842 ML:
1161 4788 1253 4849 διέξανε
1272 4789 1293 4840 l)
1400 4786 1496 4839 διεσπά-

140 4892 203 4931 σατσ
221 4877 278 4931 Ael.
403 4875 436 4927 27
460 4874 591 4928 εδιυδίαθ
