3510 5610
407 277 658 333 ARISTOPHANIS
678 277 864 333 HISTORIAE
882 278 1076 334 ANIMALIUM
1094 280 1242 334 ΕΡΙΤΟΜΕ
1261 280 1273 334 Ι
1291 281 1333 334 77.
1346 282 1380 336 78
1528 285 1568 349 23
1584 282 1587 288 ⁴

265 455 331 539 περὶ
346 457 436 518 ταῦτα
450 453 542 538 όμένα
556 455 659 517 λε’πτδν
674 451 915 538 περιπήγνυσδαι,
930 453 962 517 δν
978 452 1131 517 καλεῖσθαι
1146 452 1254 540 χόριον.
1287 453 1350 519 είτα
1365 454 1514 541 ἐχομένως
1525 462 1557 520 31

265 563 380 642 πρῶτον
402 556 610 621 διατυποδσδαι
632 560 704 620 πᾶσι
724 560 784 625 τοῖς
806 555 932 639 ἐναίμοις
954 553 1042 642 ζῴοις
1066 557 1183 641 καρδίαν
1210 557 1283 621 κατὰ
1307 556 1392 641 λόγον
1418 558 1513 644 φησίν.
1527 574 1553 617 ει

264 660 385 724 ὕστατον
408 660 440 723 δὲ
461 660 609 744 φθείρεται
630 659 741 742 καρδία,
764 664 878 743 πρῶτον
901 657 971 742 ἄρα,
994 660 1079 744 φησί,
1104 660 1222 741 γίνεται·
1257 665 1316 730 τοῖς
1338 660 1363 724 δ’
1384 661 1514 744 ἀναίμοις

265 759 354 847 ζῴοις
374 764 408 826 τδ
429 763 577 845 ἀναλογον.
612 761 689 844 λέγει
704 762 737 825 δὲ
752 764 793 831 ῶς
807 761 843 825 τὰ
858 760 992 825 έντόσδια
1008 767 1064 825 τῶν
1080 762 1162 832 έκτδς
1177 761 1314 847 πρότερον
1330 764 1514 849 διαρδροδται

233 867 311 928 σκαὶ
337 866 446 929 τούτων
472 865 509 928 τὰ
535 864 596 928 ἄνω
624 867 734 946 μᾶλλον
762 868 811 928 τοῦ
838 865 1021 947 διαζώματος
1046 863 1121 949 ἤπερ
1148 865 1183 928 τὰ
1210 866 1299 929 κάτω.
1344 866 1378 930 ἐκ
1402 867 1435 929 δὲ
1460 873 1553 951 τῆςεσ

263 970 381 1052 καρδίας
403 969 454 1032 δόο
478 968 587 1050 ἀγγεῖα,
609 967 731 1052 ἀρτηρία
752 990 784 1029 τε
806 968 853 1030 καὶ
876 966 963 1051 φλέψ,
986 972 1097 1051 πρῶται
1115 968 1247 1050 γίνονται,
1270 970 1318 1032 καί
1333 970 1353 1052 η
1369 969 1420 1052 μὲν
1435 971 1511 1055 φλὲψ

262 1077 374 1156 τροφῆς
396 1073 491 1157 χάριν,
516 1072 535 1154 ἡ
558 1070 591 1133 δὲ
613 1069 733 1154 ἀρτηρία
755 1072 887 1154 φυλακῆς
908 1074 958 1132 τοῦ
982 1070 1132 1154 συμφότου
1154 1071 1323 1155 πνεύματος.
1367 1075 1457 1135 ταῦτα
1479 1074 1511 1136 δὲ

262 1173 298 1237 τὰ
320 1176 421 1257 ἀγγεῖα
443 1173 604 1258 πρόσφυσιν
627 1169 690 1258 ἔχει
712 1173 782 1256 πρὸς
803 1177 840 1254 τῇ
864 1171 979 1256 ὑστέρη,
1001 1175 1049 1235 καὶ
1071 1174 1134 1256 περὶ
1158 1178 1247 1237 ταῦτα
1267 1174 1369 1255 γίνεται
1384 1174 1509 1260 κέλυφος

262 1301 288 1339 τι
311 1278 479 1362 δερματικδν
501 1277 652 1361 τηρήσεως
673 1273 769 1367 αὐτῶν
792 1275 839 1337 καὶ
862 1279 993 1360 φυλακῆς
1015 1276 1110 1360 χάριν.
1148 1280 1237 1340 ταῦτα
1259 1277 1292 1339 δὲ
1308 1276 1344 1339 τὰ
1358 1277 1459 1360 ἀγγεῖα
1474 1279 1552 1343 τὰοο

222 1395 251 1439 10
264 1381 322 1443 άπδ
344 1380 460 1464 καρδίας
483 1365 665 1463 ἐκπεφυκότα
688 1380 815 1440 καλεῖται
837 1376 990 1461 ὀμφαλός·Ι
1008 1375 1069 1440 ἔστι
1090 1377 1143 1462 γὰρ
1167 1379 1183 1440 ό
1205 1377 1358 1460 λεγόμενος
1378 1380 1510 1465 όμφαλδς

261 1482 344 1547 οὐδὲν
367 1482 467 1567 ἕτερον
487 1480 546 1544 ἀλλ’
567 1481 586 1565 ἢ
609 1481 686 1565 φλὲψ
709 1481 757 1543 καὶ
776 1479 898 1564 ἀρτηρία
917 1479 969 1561 μία
984 1479 1002 1562 ᾖ
1019 1480 1147 1549 πλείονες
1162 1480 1192 1542 ἐν
1208 1481 1319 1566 έλότριρ
1335 1484 1508 1570 δερματικῶ.

166 1613 171 1619 ·
260 1583 345 1647 αόται
368 1583 416 1648 οὖν
439 1586 469 1648 αἱ
491 1584 596 1669 φλέβες
618 1583 678 1646 οίον
702 1583 777 1667 ρίζαι
801 1586 839 1665 τῇ
863 1581 968 1665 ὑστέρη
993 1584 1219 1666 προσηρτηνται,
1246 1581 1281 1647 δι’
1302 1586 1343 1646 ὧν
1369 1587 1509 1672 λαμβάνει
1520 1597 1554 1654 32

260 1689 294 1750 τό
316 1684 441 1773 ἔμβρυον
462 1688 514 1770 τὴν
537 1687 692 1769 αἱματικὴν
714 1686 823 1770 τροφίην
849 1685 897 1747 καλ
919 1683 1033 1752 αὔξεται
1059 1687 1106 1748 καλ
1130 1685 1272 1770 τρέφεται.
1354 1687 1427 1770 (78)
1451 1692 1509 1753 δια-

260 1790 370 1853 πίπτειν
397 1790 429 1854 δέ
455 1787 553 1874 <φησι>
579 1787 716 1872 Διογένην
745 1789 792 1851 τδν
817 1785 1054 1872 Ἀπολλωνιάτην
1083 1787 1219 1873 εἰρηκότα
1246 1794 1308 1860 ταῖς
1336 1794 1507 1876 κοτυληδόσι

219 1899 321 1962 ιεταῖς
343 1893 372 1956 ἐν
392 1897 429 1975 τῇ
449 1894 545 1976 μήτρφ
567 1890 724 1976 τρέφεσθαι
745 1891 782 1953 τὰ
803 1888 927 1976 ἔμβρυα·
955 1889 1038 1954 οὐδὲν
1060 1890 1114 1976 γδρ
1136 1895 1194 1954 τῶν
1217 1892 1406 1978 ἀμφοδόντων
1428 1913 1535 1960 κοτυε

546 2039 605 2046 ..-

202 2121 330 2193 αίσδησιν,
353 2121 392 2175 ότι
412 2122 506 2191 γίνεται
528 2127 641 2191 πρῶτον,
664 2121 727 2174 ἀλλὰ
749 2124 794 2175 καὶ
815 2124 871 2193 περὶ
892 2123 939 2194 την
962 2122 1091 2194 τελευτήν·
1116 2123 1243 2177 ἀπολείπει
1265 2124 1311 2194 γὰρ
1332 2124 1361 2178 τό
1382 2126 1427 2196 ζῆν
1448 2126 1560 2183 ένττῦδεν

202 2210 355 2276 τελευταῖον,
373 2209 501 2278 συμβαίνει
518 2207 537 2261 δ’
553 2210 593 2262 έπὶ
611 2211 711 2263 πάντων
728 2210 757 2263 τὸ
774 2209 913 2263 τελευταῖον
931 2210 1055 2279 γινόμενον
1073 2217 1174 2281 πρῶτον
1192 2211 1344 2276 ἀπολείπειν,
1367 2212 1396 2265 τό
1415 2212 1441 2266 δὲ
1459 2222 1560 2285 πρῶτον

155 2287 158 2290 ’
201 2299 342 2352 τελευταῖον
365 2296 449 2367 ὥσπερ
471 2301 517 2367 τῆς
539 2295 636 2365 φόσεως
659 2285 884 2369 διαυλοδρομοόσης
906 2299 948 2351 καὶ
970 2297 1159 2368 ἀνελιττομένης
1180 2300 1220 2352 ἐπὶ
1237 2299 1283 2371 τὴν
1302 2300 1382 2370 ἀρχὴν
1400 2298 1457 2354 όδεν
1475 2301 1559 2373 ἠλδτν.

201 2388 255 2439 έστι
272 2389 318 2456 γὰρ
336 2385 352 2455 η
372 2386 416 2454 μέν
433 2385 525 2455 γένεσις
542 2385 572 2437 έκ
590 2389 634 2436 τοῦ
653 2386 688 2455 μὴ
708 2384 779 2445 όντος
797 2386 830 2444 είς
848 2385 877 2438 τό
896 2384 932 2451 όν,
949 2385 1004 2455 ἠδέ
1022 2383 1105 2455 φθορά
1119 2387 1147 2438 ἐκ
1160 2391 1204 2438 τοῦ
1218 2385 1287 2445 όντος
1299 2387 1372 2440 πόλιν
1384 2389 1418 2447 τίς
1430 2388 1460 2443 τό
1473 2390 1508 2460 μὴ
1522 2390 1558 2445 ὄν.

202 2474 236 2528 cf.
248 2474 281 2527 de
291 2475 347 2526 vita
358 2478 384 2526 et
395 2478 477 2524 morte
489 2471 507 2523 4
518 2487 544 2539 p.
550 2471 724 2526 469129-20.
748 2489 836 2542 gener.
846 2474 925 2526 anim.
934 2470 979 2526 Bl
993 2472 1140 2542 p.735223.
1154 2473 1170 2525 4
1182 2489 1208 2541 p.
1216 2473 1284 2526 7401ι
1293 2473 1331 2526 17.
1348 2474 1364 2527 6
1381 2475 1522 2543 ρ.7471>35

200 2564 219 2616 4
242 2561 318 2631 λέγει]
337 2561 416 2612 Arist.
431 2574 516 2628 gener.
530 2561 608 2612 anim.
621 2556 672 2612 BG
691 2577 717 2629 ρ.
731 2560 840 2614 741125
863 2561 953 2629 γίνεται
973 2560 1000 2613 δέ
1022 2561 1087 2628 μετὰ
1107 2562 1154 2632 την
1174 2560 1269 2632 ἀρχήν,
1291 2559 1375 2631 ὥσπερ
1396 2562 1503 2635 έλέχδη,
1526 2567 1558 2620 τά

201 2649 270 2707 έντὸς
287 2648 406 2719 πρότερον
423 2653 475 2699 τῶν
494 2645 574 2706 ἐκτός.
607 2648 718 2716 φαίνεται
735 2647 761 2700 δέ
780 2648 886 2719 πρότερα
904 2649 936 2700 τό
955 2646 1060 2716 μέγτδυς
1078 2648 1168 2718 ἔχοντα
1190 2655 1241 2701 τῶν
1264 2648 1416 2715 ἐλαττόνων,
1440 2651 1490 2705 οὐδ’
1506 2653 1558 2707 ένια

200 2738 330 2806 γιγνόμενα
353 2735 479 2806 πρότερον.
515 2741 614 2805 πρῶτον
638 2735 664 2787 δέ
686 2736 718 2787 τὰ
740 2735 792 2788 ἄνω
815 2733 973 2804 διαρδροῡται
995 2739 1039 2788 τοῦ
1061 2735 1230 2804 διαζώματος,
1253 2736 1296 2789 καὶ
1319 2735 1426 2806 διαφέρει
1445 2737 1556 2808 μεγέθει·

200 2825 230 2878 τὸ
247 2824 274 2876 δὲ
292 2826 365 2876 κάτω
383 2823 426 2874 καί
445 2821 547 2876 ἔλαττον
565 2824 608 2875 καὶ
627 2823 825 2894 ἀδιοριστότερον.
855 2822 917 2876 cm
935 2839 961 2892 p.
974 2821 1082 2874 740213
1209 2821 1233 2875 5.
1249 2823 1264 2875 6
1287 2824 1315 2876 έκ
1334 2823 1359 2876 δὲ
1378 2829 1423 2894 τῆς
1443 2827 1555 2898 καρδίας]

201 2913 282 2965 Arist.
296 2927 381 2980 gener.
395 2911 474 2962 anim.
487 2906 539 2963 Β4
560 2926 586 2978 p.
599 2909 706 2963 740227
730 2909 766 2963 διδ
790 2911 819 2962 ἐκ
837 2914 882 2981 τῆς
901 2910 1002 2978 καρδίας
1019 2911 1064 2968 τάς
1082 2908 1125 2962 δόο
1145 2908 1238 2980 φλέβας
1256 2917 1355 2981 πρῶτον
1374 2911 1389 2981 ἡ
1409 2911 1479 2983 φόοις
1497 2914 1556 2968 ὑπέ-

200 2999 306 3072 γραψεν·
328 2997 377 3051 ἀπὸ
396 2997 421 3050 δέ
439 2997 537 3051 τούτων
555 2997 644 3067 φλέβια
662 2995 882 3068 ἀπήρτηταιπρδς
900 2999 946 3069 τὴν
962 2997 1074 3067 ὑστέραν,
1093 2996 1271 3065 όκαλοδμενος
1290 2998 1410 3068 ὀμφαλός.
1441 3001 1492 3053 έστι
1509 3004 1555 3073 γὰρ

200 3087 215 3140 ό
233 3086 347 3157 ὀμφαλὸς
365 3084 441 3154 φλέψ,
458 3090 509 3144 τοῖς
521 3086 566 3153 μέν
585 3085 637 3153 μία,
656 3092 705 3142 τοῖς
723 3085 749 3138 δέ
768 3085 866 3144 πλείους
884 3091 935 3137 τῶν
953 3086 1034 3156 ζῴων.
1062 3087 1117 3157 περὶ
1136 3084 1162 3138 δέ
1179 3083 1271 3144 ταότας
1287 3085 1394 3156 κέλυφος
1406 3086 1555 3156 δερματικδν

200 3173 226 3243 [δ
244 3173 398 3240 καλεόμενος
416 3170 540 3241 όμφαλδς]
559 3170 598 3224 διὰ
616 3173 645 3225 τὸ
664 3170 757 3225 δεῑσδαι
776 3173 899 3242 σωτηρίας
917 3174 960 3225 καὶ
979 3174 1073 3243 σκέπης
1091 3174 1137 3243 τὴν
1154 3178 1206 3225 τῶν
1225 3172 1324 3242 φλεβῶν
1343 3174 1469 3228 άσδένειαν

200 3262 216 3313 9
240 3260 331 3330 ταῦτα]
354 3261 433 3312 Arist.
445 3259 507 3312 hist.
520 3258 665 3314 anim.H8
686 3277 712 3328 p.
725 3259 833 3314 586b12
858 3260 871 3312 ό
895 3259 914 3312 δ’
932 3259 1044 3331 όμφαλός
1067 3261 1118 3313 έστι
1140 3260 1247 3330 κέλυφος
1270 3262 1325 3332 περὶ
1347 3260 1454 3330 φλέβας,
1478 3262 1514 3316 ὧν
1536 3266 1553 3335 ἡ

199 3351 265 3420 ἀρχὴ
285 3350 315 3402 έκ
332 3353 378 3418 τῆς
396 3346 499 3417 ὑστέρας
517 3347 581 3411 ἐστί,
598 3355 649 3407 τοῖς
667 3350 712 3416 μὲν
731 3349 815 3418 έχουσι
832 3348 877 3407 τὰς
895 3347 1062 3418 κοτυληδόνας
1080 3349 1109 3400 έκ
1127 3355 1179 3400 τῶν
1197 3347 1385 3418 κοτυληδόνων,
1403 3357 1453 3409 τοῖς
1472 3350 1498 3402 δὲ
1517 3353 1552 3423 μὴ

199 3437 297 3506 έχουσιν
316 3434 365 3488 ἀπὸ
384 3434 475 3502 φλεβός
489 3470 495 3483 .
509 3469 515 3483 .
529 3470 536 3483 .
549 3435 594 3488 ιίσὶ
612 3434 638 3488 δὲ
656 3436 711 3507 περὶ
729 3437 775 3506 τὴν
793 3436 906 3504 συζυγίαν
925 3436 1044 3508 ἑκατέραν
1065 3442 1117 3489 τῶν
1139 3435 1238 3506 φλεβῶν
1256 3435 1356 3503 δμένες,
1374 3438 1429 3505 περί
1450 3437 1476 3490 δὲ
1496 3440 1554 3498 τους

199 3524 290 3592 ὑμένας
309 3522 322 3575 ό
341 3520 452 3591 όμφαλὸς
471 3518 520 3574 οἷον
539 3521 647 3594 ἔλυτρον.
676 3523 708 3576 cf.
726 3525 806 3577 Arist.
819 3540 905 3593 gener.
918 3525 997 3576 anim.
1011 3520 1061 3576 Β7
1081 3540 1106 3591 p.
1121 3522 1228 3576 7451226
1250 3522 1345 3574 ἔστιδὲ
1364 3522 1377 3575 ό
1396 3523 1508 3594 ὀμφαλός
1527 3527 1552 3579 έν

198 3611 301 3681 κτλόφει
318 3610 420 3680 φλέβες,
437 3615 487 3668 τοῖς
506 3609 558 3677 μὲνγ
570 3610 662 3677 μείζοσι
680 3609 789 3676 πλείους,
807 3610 857 3662 οἶον
876 3611 917 3679 βοῒ
933 3613 975 3663 καὶ
993 3619 1044 3670 τοῖς
1062 3610 1195 3674 τοιοότοις,
1213 3617 1263 3668 τοῖς
1282 3608 1308 3662 δέ
1327 3611 1408 3678 μέσοις
1426 3610 1484 3677 διἰο,
1507 3614 1552 3680 μία

198 3698 224 3751 δέ
243 3705 295 3757 τοῖς
313 3697 434 3768 έσχάτοις,
453 3696 491 3749 διὰ
509 3697 535 3749 δέ
549 3695 638 3750 τοίιτου
656 3696 775 3766 λαμβάνει
792 3698 839 3768 την
851 3699 945 3769 τροφὴν
963 3698 1098 3767 αἱματικην
1207 3697 1237 3749 12
1256 3696 1328 3750 αὗται
1347 3697 1389 3750 οὖν
1407 3699 1432 3751 αί
1451 3699 1550 3770 φλέβες]

199 3787 281 3839 Arist.
294 3800 380 3854 gener.
393 3786 472 3837 anim.
485 3782 537 3837 Β4
559 3801 585 3853 p.
598 3783 705 3838 740233
729 3786 753 3838 αἱ
772 3785 797 3837 δὲ
814 3784 903 3856 φλέβες
921 3786 971 3838 οίον
990 3786 1052 3857 ῥίζαι
1070 3785 1130 3854 πρὸς
1147 3786 1194 3855 τὴν
1212 3784 1315 3853 ὑστέραν
1334 3787 1494 3852 συνάπτουσι,
1517 3787 1549 3840 δι’

198 3871 235 3925 ὧν
252 3870 372 3939 λαμβάνει
389 3871 419 3924 τό
437 3871 524 3941 κόημα
537 3873 584 3943 την
595 3873 690 3942 τροφήν
799 3873 837 3926 13.
850 3874 881 3927 14
900 3871 1046 3941 διαπίπτειν]
1065 3873 1144 3926 Arist.
1155 3873 1331 3942 μετεποιεῖτο.
1342 3869 1389 3925 Β7
1406 3890 1432 3942 p.
1443 3874 1550 3928 746219

197 3960 220 4012 οἱ
238 3959 264 4012 δέ
283 3958 394 4028 λέγοντες
411 3958 544 4029 τρέφισδαι
560 3961 592 4013 τὰ
610 3959 694 4012 παιδία
712 3960 737 4013 έν
755 3968 808 4019 ταῖς
826 3960 937 4029 δστέραις
955 3961 995 4013 διὰ
1012 3964 1057 4013 τοῦ
1078 3959 1201 4031 σαρκίδιόν
1218 3979 1242 4012 τι
1265 3959 1375 4029 βδάλλειν
1397 3961 1443 4014 οδκ
1467 3962 1550 4034 ὀρδῶς

197 4046 316 4116 λέγουσιν.
347 4046 380 4099 τί.
398 4047 555 4100 Censorinus
574 4049 605 4100 de
624 4047 665 4100 die
683 4054 736 4100 nat.
755 4048 807 4101 c.5
830 4048 1095 4116 (p.10‚26Hultsch)
1118 4060 1144 4099 αι
1162 4049 1285 4116 ῡέορειιεε
1306 4058 1328 4098 ιι
1346 4048 1446 4118 Ηιρροπ
1468 4052 1550 4101 τιν’τιν’-

198 4145 294 4184 αιανιιιιι
311 4152 364 4184 em
383 4135 407 4184 in
425 4134 478 4187 αέοο
493 4137 632 4201 prominens
651 4135 766 4201 quiddam
789 4136 855 4201 quod
874 4137 959 4201 infans
977 4154 1019 4187 ονε
1038 4135 1218 4205 adprehendat:
1243 4153 1273 4184 επ
1291 4153 1337 4200 quo
1359 4138 1399 4199 (εκ
1418 4155 1445 4187 eo
1464 4137 1549 4202 codd.)

199 4222 335 4272 alimentum
356 4222 390 4272 ιἰα
408 4223 491 4272 trahat
508 4235 542 4284 ιιι,
560 4240 612 4273 cum
630 4223 709 4273 editus
727 4235 770 4287 ων,
789 4241 819 4273 ex
836 4226 921 4275 matris
939 4225 1055 4274 uberibus.
1085 4223 1116 4275 cf.
1129 4223 1311 4276 Panzerbieter
1329 4223 1357 4275 in
1374 4224 1450 4293 Diog.
1464 4225 1549 4293 Apoll.

198 4309 271 4376 Lips.
291 4308 357 4361 1830
379 4324 404 4376 p.
420 4307 477 4360 127.
508 4309 576 4363 Rose
593 4311 622 4362 in
640 4315 703 4362 nota
720 4326 746 4379 p.
759 4309 801 4363 32,
831 4312 944 4380 Doxogr.
966 4311 1005 4364 ed.
1024 4311 1095 4364 Diels
1113 4326 1139 4378 p.
1155 4309 1201 4362 191
1348 4310 1377 4361 15
1403 4309 1473 4363 οόδέν
1490 4312 1549 4382 γάρ]

198 4397 278 4448 Arist.
292 4411 379 4465 gener.
392 4397 471 4448 anim.
484 4393 507 4449 Β
521 4396 536 4447 7
554 4413 580 4465 p.
593 4396 682 4450 746·ss
704 4398 735 4450 τό
752 4397 778 4450 δὲ
796 4397 877 4451 πολλὰ
894 4404 946 4451 τῶν
964 4398 1079 4468 κολοβῶν
1098 4398 1170 4469 ζῴων
1189 4398 1231 4450 καὶ
1243 4396 1416 4468 ἀμφωδόντων
1434 4397 1481 4451 οδκ
1498 4399 1550 4470 ἔχει

197 4483 352 4554 κοτυληδόνα
370 4484 396 4536 έν
413 4490 465 4543 ταῖς
483 4482 595 4556 ὑστέραις
645 4482 648 4489 ’

408 4615 596 4625 -μ---ι-

196 4688 256 4743 δδέ
275 4689 309 4742 P:
333 4706 367 4742 an
385 4689 448 4759 γὰρβ
552 4688 649 4761 δήπερ
667 4692 748 4745 Rose:
772 4691 875 4762 ηπερΡ
981 4691 1093 4745 8ταῦτα
1111 4693 1191 4746 Rose:
1214 4691 1333 4763 ταδτηΡ
1439 4693 1547 4764 κέλυφός

196 4779 275 4831 Bosa:
298 4776 410 4846 κάλνφός
426 4778 447 4831 Ρ
556 4778 642 4831 13.14
660 4778 795 4833 διαπίπτειν
813 4780 893 4832 Rose:
917 4778 1038 4832 διαπίπτει
1055 4780 1075 4834 Ρ
1184 4780 1216 4832 14
1238 4795 1298 4855 φησι
1315 4781 1426 4837 inseruit
1443 4782 1512 4840 [δορυ

195 4864 372 4919 κοτυλιδόσιΡ
