3510 5610
198 305 240 371 48
739 303 909 357 miseram
928 302 1009 357 mor

251 477 326 556 talc3
350 479 455 543 anima
478 500 551 542 uero
575 478 628 540 bas
650 478 767 541 habens
790 477 924 540 malitias
948 496 1009 540 non
1032 475 1238 559 corrumpitur
1260 475 1299 539 ab
1324 475 1378 551 eis,
1402 495 1504 559 noque
1522 488 1570 546 εει

253 578 318 645 eius
340 590 498 645 macerant
521 581 630 658 uitam,
653 579 734 662 quod
757 579 881 662 quidam
905 587 951 643 est
974 580 1005 643 iu
1028 578 1206 663 corporibus
1228 576 1501 660 corruptibilibus:
1515 594 1544 637 aa

251 681 304 744 sed
326 683 504 747 irrationale
527 682 652 766 quidem
679 681 776 764 magis
802 683 834 745 in
858 683 902 745 eis
924 682 1005 745 uiuit
1028 689 1060 756 et
1081 688 1219 759 tanetur3
1247 678 1399 743 rationale
1426 703 1503 746 uero

251 784 332 848 uiuit
354 785 478 868 quidem
500 770 645 848 similiter
667 785 698 848 in
720 806 763 861 se,
785 805 864 867 quae
886 792 989 847 autern
1013 791 1086 847 sunt
1102 768 1226 867 propter
1241 782 1502 867 indisciplinatio

223 900 322 951 onem
356 889 459 952 minus
494 887 656 971 cognoscit.
712 887 816 969 itaque
849 886 902 969 qui
937 907 1060 949 omnem
1094 884 1210 948 habent
1242 885 1503 971 qualemcumque

252 989 418 1071 malitiam,
445 1011 507 1055 non
534 991 743 1066 infirmantur,
771 988 824 1052 sed
851 989 948 1071 magis
976 988 1109 1072 quasia
1134 1008 1167 1050 so
1194 988 1268 1072 ipsis
1293 989 1443 1054 infirmati
1471 997 1503 1054 ot

250 1092 288 1155 ad
317 1093 452 1157 actiones
478 1093 624 1158 commoti
650 1098 723 1155 sunt
754 1090 850 1173 magis
877 1090 1109 1155 contrariorum.
1155 1110 1216 1154 non
1250 1090 1344 1173 igitur
1375 1092 1503 1156 animae

250 1194 388 1259 malitiae
411 1203 613 1279 corrumpunt
634 1215 712 1258 eam.
757 1212 848 1257 omne
869 1199 976 1256 autem
999 1192 1078 1275 quod
1103 1212 1165 1277 non
1187 1193 1396 1277 corrumpitur
1410 1216 1429 1259 a
1443 1211 1541 1260 suaso

252 1297 382 1378 malitia,
404 1296 638 1381 incorruptibile
661 1303 716 1360 est.
761 1295 854 1378 igitur
876 1294 980 1358 anima
1002 1294 1243 1378 incorruptibilis
1266 1303 1321 1359 est.

210 1414 236 1459 ro
333 1401 439 1464 Tertia
471 1407 576 1465 autem
609 1421 646 1463 cx
684 1398 800 1462 causali
836 1397 1064 1461 circumfulsam
1102 1397 1356 1482 approbationem
1394 1399 1500 1466 habet.

251 1503 331 1586 quod
348 1504 429 1566 enim
451 1524 515 1566 ase
532 1502 596 1586 ipso
619 1509 772 1579 mouetur,
795 1500 916 1564 causale
936 1499 1178 1564 immortalitatis
1193 1499 1366 1565 ostenditur
1380 1503 1511 1566 anima--

250 1606 308 1669 bus
330 1605 497 1669 secundum
522 1604 683 1669 essentiam
707 1603 738 1666 in
762 1603 809 1666 eis
828 1603 962 1666 existens
984 1608 1015 1665 et
1037 1603 1123 1686 quasi
1146 1603 1296 1666 lactiuum
1315 1603 1500 1669 immortali·

251 1709 324 1772 tatis
347 1708 478 1771 causalo.
523 1707 597 1790 quia
619 1727 691 1770 uero
714 1728 732 1769 a
754 1726 786 1769 se
809 1712 952 1769 mouetur
973 1704 1077 1769 anima
1100 1704 1324 1777 ostendendum
1350 1707 1408 1770 sic:
1433 1709 1500 1772 ani-

250 1832 302 1874 ma
324 1819 355 1874 ct
376 1806 444 1875 uilo
466 1817 513 1874 cst
534 1809 622 1893 quasi
645 1808 713 1872 aliis
736 1829 804 1872 eam
826 1809 962 1888 tradens,
984 1814 1016 1870 ct
1037 1828 1092 1891 per
1114 1813 1212 1871 totam
1234 1830 1267 1872 se
1289 1809 1390 1893 ipsam
1406 1811 1526 1892 uiuit‚r

211 1929 237 1974 ιε
250 1914 364 1999 quippe
387 1914 418 1977 in
441 1935 473 1977 sc
496 1913 595 1996 ipsam
618 1931 746 1994 operans
769 1917 800 1974 et
815 1909 854 1974 ad
869 1928 901 1973 se
917 1930 1073 1973 conuersa.
1118 1909 1199 1993 quod
1215 1911 1299 1974 enim
1315 1911 1384 1976 aliis
1400 1914 1499 1978 uitam

250 2024 411 2102 praestat,
432 2014 509 2078 illud
536 2015 620 2099 prius
646 2034 701 2096 per
725 2033 758 2076 se
785 2013 886 2096 ipsum
909 2013 991 2076 uiuit
1013 2012 1235 2103 ctosecundum
1259 2014 1340 2098 quod
1363 2022 1410 2080 est
1433 2018 1501 2081 uita

249 2127 356 2184 mouet
378 2117 494 2200 (omnis
517 2117 600 2181 enim
623 2116 679 2179 hoc
696 2115 777 2178 uitae
794 2115 963 2198 proprium,
983 2115 1212 2197 quoquomodo
1228 2118 1369 2201 mouere)
1391 2122 1499 2193 sccun-

249 2222 324 2285 dum
358 2241 430 2284 uero
464 2218 562 2309 quod·
579 2217 659 2281 uiuit
691 2225 843 2280 mouetur.
888 2236 979 2280 omne
1012 2217 1096 2280 enim
1128 2218 1318 2302 participans
1350 2220 1437 2284 uitae
1464 2242 1500 2285 co

249 2325 356 2388 uiuere
379 2330 531 2387 mouetur.
576 2341 614 2383 ex
636 2319 775 2401 utrisque
797 2339 867 2402 ergo
889 2320 1006 2383 lactum
1035 2328 1081 2383 est
1103 2320 1207 2385 anima
1229 2342 1358 2386 mouens
1381 2330 1413 2388 et
1434 2345 1499 2388 mo

209 2443 236 2487 ao
249 2436 326 2505 turn,
349 2435 381 2491 et
402 2432 438 2488 ut
461 2432 560 2488 totum
584 2422 686 2486 ambo.
731 2441 785 2504 per
806 2427 904 2485 totam
928 2420 1023 2504 igitur
1043 2442 1076 2485 sc
1098 2422 1197 2505 ipsam
1221 2431 1252 2487 et
1274 2425 1385 2489 uiucns
1405 2434 1452 2491 cst
1468 2436 1501 2491 et

248 2531 324 2595 uita.
370 2527 498 2592 candem
521 2526 603 2589 enirn
626 2524 791 2587 essentiam
814 2522 931 2587 habcns
954 2531 985 2587 et
1007 2524 1218 2608 operationem
1240 2532 1343 2591 totum
1366 2536 1413 2593 cst
1428 2549 1500 2612 ope-
1514 2546 1541 2588 ro

249 2633 328 2698 ratio
351 2631 435 2716 prius
458 2629 489 2692 in
512 2649 544 2691 se
567 2628 665 2711 ipsam
692 2647 835 2711 operaus;
863 2635 895 2690 et
916 2633 983 2689 tota
1004 2627 1036 2690 in
1064 2634 1163 2691 totam
1184 2649 1216 2692 se
1243 2629 1341 2713 ipsam
1368 2631 1500 2712 intrans,

249 2736 323 2799 dum
345 2734 386 2797 sit
408 2734 507 2817 ipsum
531 2729 613 2813 quod
635 2750 688 2813 per
715 2749 748 2791 sc
774 2737 918 2792 mouetur
940 2735 972 2792 et
993 2748 1123 2812 operans
1145 2765 1186 2775 -
1210 2739 1241 2794 et
1267 2740 1315 2797 cst
1339 2733 1384 2798 sic
1405 2734 1501 2800 simul

249 2846 416 2920 utrumque
449 2834 586 2919 operatio
613 2854 689 2911 una;
723 2839 868 2915 operatur
894 2831 977 2895 enim
1003 2831 1036 2895 in
1063 2853 1096 2895 sc
1122 2832 1221 2916 ipsam
1253 2840 1284 2898 et
1310 2856 1402 2900 causa
1430 2837 1502 2903 aliis

208 2958 235 3003 ac
249 2950 295 3006 est
310 2948 412 3003 motus
433 2973 474 2983 -
497 2958 529 3000 sc
552 2936 651 3019 ipsam
673 2935 773 3017 primo
789 2942 911 2998 mouet:
934 2943 1074 3017 separato
1098 2935 1181 2998 enirn
1203 2937 1339 3001 causalia
1361 2932 1500 3022 priinum

248 3046 362 3110 suimet
385 3046 457 3105 sunt
479 3059 582 3117 causa,
606 3045 637 3101 et
658 3037 702 3100 sic
724 3037 963 3101 causatinorum.
1007 3037 1112 3100 anima
1128 3037 1222 3120 igitur
1237 3039 1365 3104 uitalem
1381 3041 1500 3107 habens

249 3155 368 3212 motum
391 3143 483 3208 simul
505 3148 612 3205 mouet
633 3139 762 3204 essendo
788 3140 856 3203 uita
883 3148 914 3203 ct
939 3138 1031 3203 simul
1059 3148 1203 3204 mouetur
1225 3142 1369 3207 uiuendo.
1413 3145 1498 3228 qnod

248 3271 321 3315 uero
344 3256 449 3312 mouet
471 3268 503 3309 se
526 3251 558 3308 et
581 3248 723 3307 mouetur
745 3264 763 3305 a
784 3263 817 3306 se
839 3243 916 3326 ipso,
939 3263 1015 3326 pure
1030 3250 1077 3305 cst
1092 3264 1110 3305 a
1124 3264 1157 3306 se
1172 3243 1238 3326 ipsc
1258 3253 1392 3309 motum:
1416 3250 1501 3332 quod
1514 3265 1544 3307 so

249 3352 374 3436 quidem
401 3349 433 3412 in
459 3347 531 3412 solis
564 3351 610 3410 est
636 3345 878 3428 incorporalibus
905 3353 936 3408 ct
963 3346 1112 3429 separatis
1139 3346 1294 3426 essentiis,
1327 3349 1419 3431 quale
1454 3360 1502 3415 cst

208 3473 235 3517 ao
248 3456 365 3533 anima3
389 3453 456 3536 ipsa
479 3451 561 3514 enim
585 3457 631 3513 est
654 3456 688 3512 ut
710 3467 784 3510 uere
806 3447 887 3531 quod
910 3469 928 3510 a
949 3468 982 3511 se
1004 3455 1156 3512 mouetur.
1202 3447 1255 3511 dat
1276 3471 1349 3514 uero
1372 3453 1498 3535 partici-

250 3557 338 3643 pant-i
359 3554 478 3638 corpori
500 3552 695 3637 phantasiam
719 3570 773 3633 per
794 3570 826 3612 se
849 3554 951 3613 motae
974 3550 1068 3629 uitae,
1092 3571 1127 3614 ac
1141 3571 1196 3635 per
1211 3551 1268 3616 hoc
1283 3553 1407 3618 animae
1423 3564 1499 3625 nota

250 3659 415 3744 figuratius
438 3664 469 3720 et
491 3655 588 3719 ueluti
611 3652 762 3736 quaedam
786 3652 939 3732 diffinitio,
962 3653 1029 3737 ipsa
1044 3673 1099 3736 per
1120 3674 1152 3716 sc
1175 3655 1281 3735 motio,
1305 3656 1420 3741 quippe
1443 3680 1500 3743 per

248 3783 280 3825 se
303 3760 473 3824 subsistens
502 3765 533 3821 et
561 3778 615 3840 per
636 3776 668 3819 se
691 3776 883 3837 cognoscens.
929 3755 1093 3818 dicendum
1120 3777 1189 3840 ergo
1217 3757 1248 3820 in
1276 3757 1363 3822 breui
1391 3761 1500 3825 collec

196 3932 595 3945 -——--..—.——.-.

198 4036 236 4108 ll·
247 4034 323 4089 Plato
340 4033 450 4086 Phaedr.
469 4030 547 4084 2450
1474 4034 1501 4091 δ

198 4293 214 4346 6
232 4308 286 4346 non
304 4288 480 4360 infirmantur]
500 4305 553 4343 non
571 4291 592 4342 i·
615 4289 651 4341 θ’
669 4290 691 4339 in
710 4307 761 4340 ras.
784 4289 810 4354 (6
824 4290 881 4356 sere
900 4289 945 4341 litt.
964 4291 1039 4356 eros.)
1145 4291 1299 4345 infirmanti
1320 4293 1355 4344 0:
1375 4292 1469 4347 firmati
1488 4298 1553 4349 raoni.
1589 4329 1594 4338 ·

197 4383 311 4432 Docbner
329 4378 428 4447 [praece
434 4381 499 4444 sort.
518 4377 540 4429 cl
553 4382 633 4428 πᾶσαν
646 4376 744 4447 ἔχοντες
762 4376 909 4447 οἱανδήποτε
922 4377 1015 4429 κακίαν
1027 4377 1075 4430 aba
1094 4376 1237 4432 ἀσθενοῦσιν
1255 4379 1318 4434 ἀλλὰ
1331 4379 1426 4447 μᾷὶλον
1439 4381 1490 4434 οἶον
1503 4381 1551 4454 ὑφ’

196 4467 292 4519 ἑαυτῶν
306 4466 441 4538 ἐρρωμένοι
461 4464 576 4536 καὶπρὸς
595 4462 692 4534 πράξεις
706 4464 848 4533 συγκινητοί
865 4465 910 4516 εἰσι
924 4464 1018 4532 μᾶλλον
1036 4471 1087 4517 τῶν
1101 4466 1232 4520 lacertos:
1252 4469 1284 4532 rs.
1298 4466 1370 4518 Plato
1390 4468 1407 4519 l.
1419 4488 1440 4520 c.
1460 4469 1552 4537 61011]

199 4555 231 4606 10
248 4552 450 4621 circumfulsam]
470 4553 530 4621 quid
544 4571 632 4618 cruere
645 4553 726 4617 suerit
745 4569 790 4600 noa
809 4553 911 4617 dispicio
1005 4553 1036 4606 15
1055 4555 1151 4622 quippe
1172 4554 1208 4605 (3²
1225 4556 1249 4605 in
1268 4573 1320 4606 rue.
1412 4556 1441 4607 17
1462 4575 1553 4624 qrcecc

197 4641 239 4692 acl
257 4638 323 4692 sabb
342 4641 395 4710 ζωὴ
416 4641 460 4708 μὲν
479 4637 650 4691 κινεῖ-καθὸ
674 4639 724 4698 ζῶν
745 4637 771 4690 δὲ
789 4645 892 4691 κινεῖται
1018 4640 1049 4692 18
1076 4643 1131 4694 uita
1152 4640 1199 4692 G1:
1216 4644 1372 4708 praecessit
1391 4649 1439 4694 πᾶν
1457 4645 1504 4714 γὰρ
1523 4643 1552 4697 τὸ

197 4729 302 4797 μετέχον
321 4729 388 4796 ζωῆς
410 4734 447 4796 τῷ
468 4727 511 4796 ζῆν
530 4733 633 4778 κινεῖται
778 4725 811 4777 ’26
837 4745 924 4792 praere
943 4727 959 4796 ἡ
979 4727 1048 4799 ψυχὴ
1068 4729 1115 4801 ἄρα
1137 4729 1248 4798 ζωτικὴν
1267 4728 1360 4799 ἔχουσα
1383 4729 1479 4799 κίνησιν
1498 4729 1552 4799 ἅμα

196 4816 243 4883 μὲν
262 4822 327 4866 ιιιντῖ
343 4817 380 4883 τῷ
400 4815 453 4884 ζωὴ
473 4815 534 4865 εἶναι
553 4813 605 4881 ἅμα
624 4813 650 4866 δὲ
669 4819 771 4865 κινεῖται
789 4815 826 4885 τῷ
845 4814 890 4884 ζῆν
956 4863 958 4868 ,
988 4816 1022 4868 30
1043 4823 1073 4867 ut
1092 4815 1163 4885 uero]
1183 4818 1231 4868 te.
1251 4816 1286 4875 ὡς
1304 4815 1416 4888 ἀληθῶς.
1435 4818 1554 4870 Duebncr

197 4903 230 4954 32>
249 4903 346 4970 quippo
364 4918 410 4968 per
432 4900 468 4951 0²
486 4903 510 4950 ι’νι
530 4920 618 4951 rasura
638 4902 774 4967 capescere
