3510 5610
502 290 745 344 METAPHRASIS
763 289 798 343 IN
817 288 1098 343 THEOPHRASTUM
1448 289 1478 353 ,9

177 482 287 541 νεται;
320 462 457 525 ἐκείνου
479 462 541 548 γὰρ
557 462 718 547 ἐνέργεια
741 461 872 530 δόξειεν
895 462 933 525 ἂν
951 465 1091 544 μᾶλλον.
1128 465 1213 525 τοῦτο
1228 462 1261 524 δέ
1275 462 1426 544 ἀπορήσας

176 563 337 643 ἐπιλὺεται,
371 565 501 647 ὁμοίως
526 563 622 650 ἐχειν
656 570 758 628 τοῦτο
787 565 878 646 λέγων
902 569 945 634 ως
968 565 1002 627 ἐν
1028 571 1102 635 τοῖς
1131 565 1251 633 ἀλλοις
1272 568 1345 632 τοῖς
1366 565 1425 624 πά-

177 686 339 749 σχουσιν,
366 666 458 730 ἐκεῖνο
482 666 552 738 ίσως
568 667 789 750 ἐνδεικνύμενος,
812 665 855 729 ότι
872 670 913 734 ὡς
934 670 953 750 ἡ
976 668 1122 751 θερμότης
1143 672 1194 730 τοῦ
1211 667 1262 750 μέν
1278 666 1368 750 πυρὸς
1386 668 1426 734 ὑς

178 767 327 837 ποιοῦντός
343 768 418 832 ἐστιν
441 768 578 854 ἐνέργεια,
600 772 650 832 τοῦ
674 770 707 831 δὲ
729 768 955 852 θερμαινομένου
979 773 1021 839 ὑις
1035 772 1207 855 πάσχοντος,
1230 771 1306 832 οὑτω
1329 769 1424 832 καὶτὸ

149 875 239 954 δρῦς
262 874 313 932 τοῦ
336 871 495 955 δεχομένου
524 875 564 939 ὡς
586 872 711 954 πάθημα
740 870 843 953 λέγοιτ’
871 870 906 934 ἂν
929 871 1070 955 ἐνέργεια,
1104 874 1138 936 οῦ
1165 873 1269 956 κυρίως
1298 870 1426 955 ἐνέργεια

176 973 386 1056 ὀνομαζομένη.
421 975 465 1037 διδ
481 975 529 1037 καὶ
544 973 643 1055 ἐπάγει
667 975 712 1056 μὴ
737 975 807 1036 δεῖν
824 978 946 1056 ζητεῖν
969 974 1011 1037 τὰ
1032 974 1202 1058 ὀνόματα,
1225 973 1299 1037 ἀλλ’
1314 975 1351 1036 -εί
1367 975 1425 1057 τὴν

177 1075 282 1158 ρὺσιν
304 1074 412 1137 αὑτοῦ
435 1080 587 1165 νοοῦμεν
611 1077 731 1138 ἱκανδν
755 1074 855 1139 εἶναι.
898 1081 1012 1159 πρῶτον
1036 1077 1087 1160 μὲν
1110 1076 1159 1140 οῦν
1175 1079 1268 1140 ἐκεῖνο
1285 1077 1355 1146 ἀξιῶ
1371 1079 1426 1139 διο-

179 1177 308 1262 ρίζεσθαι
330 1181 371 1246 ὡς
394 1178 493 1262 ἕτερον
517 1179 569 1262 μὲν
593 1178 625 1240 τὸ
647 1179 773 1241 αἰτιατόν
802 1183 866 1262 φῶς
889 1178 985 1261 ἕτερον
1008 1181 1095 1241 δὲτὸ
1118 1181 1219 1243 τοὺτου
1241 1177 1341 1252 αἴτιον,
1365 1179 1426 1241 οἷον

175 1280 260 1343 τὸέν
283 1281 358 1365 ηλίιρ
381 1304 400 1363 η
423 1280 453 1343 ἐν
476 1281 559 1365 πυρί·
586 1281 634 1344 καὶ
657 1280 690 1343 οὑ
714 1280 777 1363 περὶ
800 1285 850 1342 τοῦ
873 1281 966 1343 αἰτίου
989 1281 1004 1343 ὑ
1027 1280 1112 1364 λόγος
1135 1283 1164 1344 έν
1186 1287 1224 1365 τῇ
1241 1283 1305 1364 περὶ
1329 1285 1378 1343 τοῦ
1400 1280 1429 1342 τί

138 1384 210 1445 ιοτδ
232 1387 297 1466 φῶς
320 1387 448 1467 ζητήσει,
478 1382 552 1445 ἀλλά
574 1384 638 1466 περὶ
659 1387 710 1446 τοῦ
733 1379 782 1446 ἀπ’
810 1382 899 1445 αὑτοῦ
922 1374 1080 1466 προϊόντος,
1108 1384 1124 1447 ὃ
1147 1385 1183 1467 δὴ
1206 1384 1332 1467 ἐνέργεια
1354 1382 1426 1445 εἶναι

174 1488 286 1570 λέγεται
309 1491 360 1550 τοῦ
383 1488 538 1569 διαφανοῦς
560 1491 610 1548 τοῦ
633 1486 663 1548 ἐν
687 1485 749 1569 ἀέρι
772 1487 820 1548 καὶ
842 1486 923 1549 ὑδατι
945 1487 993 1548 καὶ
1013 1486 1043 1548 ἐν
1058 1492 1117 1555 τοῖς
1134 1487 1212 1570 παρὰ
1228 1487 1313 1570 μέρος
1329 1486 1427 1570 φωτὸς

175 1594 223 1655 καὶ
245 1590 368 1657 σκότους
389 1590 537 1656 δεκτικοῖς.
648 1584 769 1651 Ἔπειτα
792 1588 824 1650 δέ
846 1594 887 1672 τῷ
912 1587 1064 1673 Ἰαμβλίχιρ
1088 1589 1228 1672 ἑπόμενος
1250 1586 1317 1651 οῦέε
1339 1594 1426 1672 σῶμα
1446 1605 1473 1660 19

175 1697 260 1755 τοῦτο
282 1691 354 1755 εἶναι
376 1691 458 1764 ἀξιῶ,
481 1692 580 1774 ὥσπερ
603 1692 630 1753 οί
648 1690 879 1776 Περιπατητικοί,
901 1689 968 1753 οῦτε
988 1691 1045 1774 μὴν
1065 1692 1159 1760 πάθος
1182 1691 1355 1775 ἣποιότητα
1371 1695 1426 1754 σώ-

178 1818 267 1878 ματος
290 1798 422 1858 ὁτουοῦν·
460 1792 494 1855 οὑ
517 1793 570 1877 γάρ
594 1794 623 1855 ἐν
651 1799 694 1875 τῷ
720 1794 783 1878 ἀέρι
813 1792 877 1879 ἔχει
903 1795 935 1855 τό
958 1792 1030 1856 εἶναι
1052 1798 1129 1877 φῶς·
1167 1795 1336 1877 κινουμένου
1358 1799 1425 1877 γοῦν

136 1912 161 1957 15
175 1898 284 1961 ἐκείνου
307 1898 427 1980 ἕστηκεν
450 1894 520 1958 αὑτὸ
544 1898 592 1958 καὶ
615 1897 793 1981 τρεπομένου
816 1898 976 1965 πολυειδῶς
997 1896 1069 1959 αὐτὸ
1091 1901 1244 1981 χωριστῶς
1266 1895 1426 1980 ἀποτέτμη·

175 2025 221 2065 ται
244 2001 291 2064 καὶ
314 2003 403 2071 σώζει
424 1999 476 2081 τἠν
500 1999 571 2081 πρὸς
593 1997 625 2060 τὸ
648 1998 737 2061 αἴτιον
754 1999 912 2082 ἀδιαίρετον
936 1997 1095 2083 συνέχειαν.
1133 1999 1208 2062 ἀλλά
1231 2000 1278 2061 καὶ
1294 2000 1313 2082 ἡ
1330 1999 1425 2082 ἀθρόα

174 2102 262 2165 αὑτοῦ
285 2102 429 2186 παρουσία
444 2101 492 2162 ἐπὶ
515 2101 658 2163 πάντατὰ
674 2101 815 2186 δέχεσθαι
837 2101 908 2164 αὐτὸ
925 2101 1071 2184 δυνάμενα
1093 2100 1230 2185 παρόντος
1254 2105 1304 2164 τοῦ
1320 2102 1425 2185 ἐλλάμ-

174 2229 286 2279 ποντος,
313 2206 360 2268 καὶ
384 2201 467 2272 αὖθις
485 2202 663 2271 ἀπελθόντος
684 2205 703 2286 ἡ
720 2202 816 2287 ἀθρόα
838 2202 998 2288 ἀπόλειψις,
1022 2204 1112 2287 μηδὲν
1128 2202 1207 2287 ἴχνος
1223 2204 1326 2267 ἑαυτοῦ
1341 2228 1425 2267 κατα-

174 2308 329 2377 λείποντας,
352 2309 472 2391 σημεῖον
488 2310 538 2369 τοῦ
562 2306 603 2389 μὴ
627 2307 752 2389 πάθημα
774 2305 847 2368 εἶναι
869 2310 920 2368 τοῦ
936 2306 1020 2390 ἀέρος
1042 2307 1075 2369 τδ
1098 2311 1171 2390 φῶς.
1216 2306 1251 2369 τά
1272 2307 1326 2388 γὰρ
1341 2308 1424 2390 πάθη

133 2411 234 2474 ουσίαν
256 2435 275 2493 η
299 2407 443 2493 θερμότης
466 2406 533 2470 οὑτε
549 2407 666 2491 ἀθρόως
681 2409 829 2491 ἐγγίνεται,
853 2409 967 2471 καὶτοῦ
990 2408 1079 2491 πυρδς
1095 2408 1274 2477 ἀπελθόντος
1296 2409 1423 2492 ἀμυδρόν

124 2520 127 2525 ’
174 2537 201 2575 τι
221 2514 419 2595 ἐγκαταλείπει
444 2512 549 2593 ἑαυτῆς
578 2510 653 2579 εἶδος
676 2516 717 2596 τῷ
741 2509 908 2583 πεπονθότι.
953 2512 1055 2572 καὶτὸ
1079 2512 1119 2595 μὴ
1143 2511 1217 2573 κατὰ
1243 2513 1369 2575 διάδοσιν
1393 2512 1425 2574 δέ

177 2617 250 2699 μηδὲ
272 2614 345 2678 κατὰ
366 2614 475 2698 τροπὴν
499 2613 670 2694 ἐγγίνεσθαι,
693 2614 789 2675 καὶτὸ
812 2613 852 2695 μὴ
869 2614 1097 2696 περιγράφεσθαι
1121 2613 1208 2697 μέχρι
1223 2613 1307 2689 τινός,
1330 2615 1423 2698 προϊέ-

173 2741 216 2780 ναι
240 2718 271 2780 δέ
293 2717 363 2802 ἀχρι
385 2718 490 2785 παντδς
511 2719 562 2777 τοῦ
585 2714 746 2798 δυναμένου
773 2714 844 2777 αῦτδ
871 2715 1023 2800 δέχεσθαι,
1058 2718 1105 2779 καὶ
1135 2716 1167 2778 τὸ
1191 2717 1231 2799 μὴ
1256 2717 1423 2799 συγκεῖσθαι

173 2820 203 2881 ἐν
225 2820 361 2903 ἀλληλοις
383 2819 418 2881 τά
440 2822 539 2902 φῶτα,
572 2819 657 2899 δηλοῖ
682 2817 794 2880 ἅπαντα
822 2822 912 2880 ταῦτα
940 2818 1088 2903 χωριστὴν
1110 2817 1182 2881 εἶναι
1205 2821 1349 2900 σωμάτων
1371 2819 1422 2902 τὴν

130 2928 222 2986 αοτοῦ
245 2923 342 3006 φωτὸς
363 2922 516 3004 ἐνέργειαν.
561 2925 624 2989 πῶς
645 2918 696 2983 οῦν
723 2921 851 3004 ἐνέργεια
878 2921 990 3003 λέγεται
1017 2926 1066 2983 τοῦ
1095 2923 1264 3004 διαφανοῦςς
1302 2922 1359 3007 οὑχ
1382 2925 1421 2991 ὡς

172 3026 276 3099 πάθος,
299 3026 397 3109 φήσω,
425 3022 493 3086 οὐδὲ
516 3025 556 3091 ὡς
571 3022 716 3105 τελειότης
731 3023 819 3085 αὑτοῦ
842 3024 872 3085 ἐν
889 3023 1070 3109 ὑποκειμένῳ
1086 3024 1168 3109 αὑτοῦ
1184 3023 1333 3107 γενομένη,
1357 3023 1416 3087 ἀλλ’

173 3132 213 3197 ὑς
234 3131 387 3213 χωριστῶς
409 3125 480 3187 αὑτὺ
502 3128 661 3195 τελειοῦσα,
685 3125 737 3188 οὑκ
759 3125 834 3209 αὑτὴ
857 3125 966 3188 ἐκείνου
989 3126 1054 3188 ἀλλ’
1083 3127 1190 3208 ἑαυτῆς
1213 3126 1305 3189 ἐκεῖνο
1328 3151 1422 3190 ποιου-

172 3230 255 3313 μένη,
278 3230 404 3313 μένουσα
432 3227 557 3311 συνεχὴς
585 3228 659 3310 αὑτὴ
686 3232 729 3312 τῷ
752 3229 926 3310 ἐλλάμποντι
960 3228 1008 3289 καὶ
1035 3228 1136 3313 ἐκείνῳ
1160 3230 1420 3314 συμπεριαγομένη.

172 3337 256 3394 τοῦτο
280 3332 330 3413 μὲν
354 3329 403 3394 οῦν
427 3332 485 3393 ιῦδε
501 3327 650 3412 συντόμως
673 3331 874 3414 ὑπεμνήσθην,
896 3330 943 3392 ἵνα
966 3332 1006 3414 μὴ
1024 3331 1131 3414 ὁμοίως
1147 3334 1187 3399 ὡς
1203 3332 1232 3393 ἐν
1249 3337 1308 3400 τοῖς
1323 3332 1421 3401 ἄλλοις

131 3442 230 3505 αυτοῖς
245 3437 390 3519 πάσχουσι
406 3434 453 3496 καὶ
469 3433 502 3494 τὸ
518 3436 581 3516 ρῦις
603 3433 765 3515 ἐγγίνεσθαι
781 3433 1016 3515 ὑποπτεὺσωμεν.
1115 3432 1206 3497 Ἀλλ’
1227 3434 1255 3495 εἰ
1278 3435 1419 3519 ἀσώμα-
1439 3454 1473 3508 20

171 3561 226 3600 τον
243 3538 278 3600 τδ
294 3543 381 3621 φῶς,
397 3535 453 3599 διά
468 3535 512 3609 τί,
534 3535 615 3618 φησί,
638 3536 747 3618 πυρὸς
762 3536 781 3619 ἦ
799 3534 888 3604 ὑλως
903 3538 1066 3618 σώματος
1080 3537 1256 3620 παρουσία
1270 3537 1419 3619 γίνεται;

171 3639 283 3709 δόξειε
304 3639 365 3723 γὰρ
390 3637 429 3701 ἂν
453 3639 609 3720 ἀπορροή
633 3661 682 3706 τις
705 3638 794 3701 εἶναι
821 3638 1004 3720 σωματικὴ
1028 3639 1086 3700 καλ
1110 3644 1218 3721 σῶμα.
1265 3639 1338 3724 ὃδὴ
1362 3641 1419 3704 ἐπι-

169 3741 318 3825 λυόμενος,
341 3741 515 3824 ληπτέον,
538 3741 635 3825 φησίν,
658 3740 697 3803 οὑ
714 3744 835 3802 τοῦτον
858 3740 915 3802 τδν
930 3740 1057 3824 τρόπον
1079 3739 1151 3804 ἀλλ’
1181 3745 1226 3810 ὡς
1248 3742 1419 3827 πέφυκεν,

173 3845 265 3908 ἐκεῖνο
289 3846 403 3913 πάντως
424 3846 521 3927 δηλῦιν
545 3846 585 3912 ὡς
611 3843 740 3927 εἰδητικη
764 3867 804 3912 τις
827 3843 902 3906 ἐστὶν
933 3845 952 3926 ἡ
976 3847 1025 3905 τοῦ
1053 3845 1150 3928 ρωτδς
1179 3845 1319 3928 ἐνέργεια·
1357 3847 1420 3910 ἐπεὶ

118 4083 149 4136 12>
168 4080 315 4157 Ἰαμβλίχιμ]
335 4084 367 4137 cf.
387 4084 503 4152 simplic.
523 4083 540 4134 l.
553 4100 575 4135 c.
597 4082 771 4151 131,38seqq.
878 4083 909 4135 31
931 4083 963 4135 cf.
982 4085 1090 4137 Aristot.
1108 4084 1218 4137 418b15

116 4216 189 4223 μ...-
231 4217 360 4222 .--——.
408 4216 454 4221 —
487 4216 514 4221 .-

115 4288 132 4340 3
150 4288 283 4348 ἐκεῖνόσως
302 4288 333 4340 L¹
441 4291 477 4347 ιὺς
495 4305 544 4342 om.
565 4290 596 4342 L¹
704 4292 720 4341 θ
737 4290 778 4358 τό]
798 4294 836 4360 τῷ
854 4291 940 4344 LMl'b
1050 4292 1080 4343 12
1100 4289 1169 4360 οῦτε]
1189 4289 1279 4345 οὑποτι
1298 4295 1366 4363 vu'lg.

117 4376 149 4427 13
168 4374 252 4447 ὥσπερ
271 4376 293 4427 οἱ
311 4377 502 4447 περιπατητικοί
520 4384 579 4444 post
597 4376 700 4429 ὁτουοῦν
719 4378 818 4429 M²wa
837 4378 906 4444 (cum
926 4379 1041 4446 Ficin0):
1062 4395 1112 4430 οιυ.
1131 4380 1191 4431 ΗΜι
1210 4379 1266 4431 sort.
1288 4388 1355 4434 recte

117 4461 148 4515 15
167 4461 359 4535 αὑτοχειριστῶς
378 4465 488 4516 IlMl'bw
509 4465 628 4530 (Ficinus
647 4484 690 4515 τοο
710 4467 735 4514 iu
752 4484 777 4514 ,τε
797 4466 896 4533 impetu)
1007 4467 1037 4518 17
1057 4465 1128 4517 αὑτῶ
1147 4467 1177 4518 L'
1198 4468 1235 4533 (et
1253 4469 1290 4519 sic
1310 4468 1417 4535 passim)

117 4549 148 4602 19
166 4555 210 4601 τοῦ
230 4551 265 4620 μὴ
284 4552 388 4618 scripsi:
410 4551 438 4602 τδ
458 4552 493 4621 μὴ
513 4551 583 4620 vulg.
690 4552 724 4603 20
742 4552 823 4624 ἀθρόα
841 4570 861 4604 ιι
975 4554 1005 4605 21
1027 4553 1133 4606 διδόασιν
1152 4555 1183 4606 L¹
1291 4554 1324 4606 ‘28
1343 4554 1416 4623 ἐλάμ-

114 4638 222 4689 ποντιλ
339 4639 418 4691 ἐκεῖνο
437 4640 469 4691 L¹
587 4642 796 4711 συνπεριαγομένη
817 4641 862 4693 LM
974 4641 1007 4692 ‘29
1034 4641 1197 4712 ὑπεμνήσθην
1216 4642 1321 4709 scripsi:
1340 4642 1416 4711 ὑπεμ-

114 4722 202 4793 νήσθω
220 4724 280 4790 (sic)
300 4726 373 4777 codd.
394 4728 422 4779 h:
441 4726 588 4796 ὑπεμνήσθη
609 4743 630 4777 ιι
745 4727 779 4779 32
807 4726 871 4786 δόξει
890 4728 964 4779 οοάιλ
983 4744 1017 4779 w:
1037 4728 1133 4798 δόξηλ)
1243 4730 1276 4781 34
1303 4728 1416 4800 εἰδητική

114 4862 195 4926 BQV:
215 4822 318 4933 είδῖτική
339 4865 358 4916 1,
377 4866 421 4927 (τί.
441 4882 520 4933 Ιευριπ
538 4866 569 4917 ad
590 4867 710 4933 p.5,18):
730 4867 818 4936 είδηκη
837 4868 895 4919 λλΡε
915 4867 995 4937 είδικη
1015 4870 1073 4921 llw:
1092 4868 1186 4938 είδικήν
1206 4871 1221 4921 Ιι
