3510 5610
734 297 904 352 Palscrnru
922 297 1005 352 LYDI

248 468 355 532 stellae
379 491 415 532 ox
439 471 624 553 quibusdam
647 470 762 534 talibus
788 471 916 535 arsuris:
951 472 1069 537 inflatio
1096 472 1179 535 enim
1206 494 1245 535 ex
1272 478 1359 536 motu
1386 471 1565 543 ardens5'15

250 570 373 634 uidetur
396 573 470 635 haec
493 573 629 655 gignere:
655 573 778 657 quando
801 595 874 638 uero
898 597 917 639 a
939 575 1125 639 consistente
1147 595 1203 658 per
1223 574 1416 658 geliditatem
1432 596 1503 639 aere

249 675 463 758 comprimitur
497 681 528 739 et
556 676 722 759 expellitur
754 677 904 755 calidum,
939 685 986 742 est
1017 678 1128 741 horum
1160 682 1280 740 meatus
1314 678 1504 760 proiectione

249 776 382 857 quadam
407 777 513 860 magis,
537 778 590 841 sod
613 801 674 843 non
698 800 852 843 exarsura.
897 780 1082 844 sicutenim
1105 780 1162 843 sub
1183 780 1324 845 lucernas
1340 782 1442 865 posita
1457 781 1503 844 in·

221 878 333 943 allatio
356 881 522 944 allamma
555 903 634 965 quae
662 882 820 945 desursum
850 889 897 945 ost
923 882 1063 946 accendit
1089 883 1233 947 deorsum
1266 885 1439 962 lucernam,
1474 892 1505 947 ot

251 983 310 1046 cito
340 983 417 1065 iguis
444 984 612 1047 attrahitur
641 986 726 1047 lumo
754 1005 900 1047 accensae
932 985 1120 1050 summitatis
1146 986 1324 1050 candelabri
1351 986 1548 1051 uiolentae

250 1093 415 1164 attractus3
450 1086 494 1150 sic
528 1107 651 1170 quoque
685 1093 716 1149 et
742 1108 862 1149 sursum
890 1089 986 1151 lactas
1017 1089 1240 1171 efflagratioues
1274 1089 1505 1153 aestimandum

251 1209 441 1271 compressas
470 1189 577 1272 proiici
606 1190 749 1252 deorsum
776 1209 848 1251 cum
874 1189 922 1269 ui,
955 1190 1035 1254 sicut
1068 1212 1106 1254 ex
1137 1191 1241 1274 digitis
1274 1193 1375 1256 nuclei
1402 1192 1506 1257 oliuae
1603 1200 1610 1212 '

251 1292 416 1374 compressi
440 1291 592 1355 uiolenter
614 1291 832 1374 proliciuntur:
857 1292 972 1355 etenim
995 1293 1053 1377 ipsi
1075 1315 1169 1376 graue
1191 1294 1342 1359 habentes
1358 1295 1506 1358 uidentur

210 1409 235 1452 ιο
248 1414 339 1476 saepo
365 1415 488 1457 sursum
515 1393 667 1457 uiolenter
694 1414 732 1456 ox
759 1392 862 1476 digitis
889 1394 983 1478 pulsi:
1017 1396 1162 1460 deorsum
1194 1418 1268 1461 uero
1296 1396 1504 1480 proiioiuntur

249 1502 359 1560 exusta
381 1497 413 1559 in
436 1517 516 1576 aere,
540 1517 575 1559 eo
599 1494 680 1578 quod
704 1494 857 1559 densitate
881 1497 1110 1581 compelluntur
1132 1520 1169 1562 ea
1191 1506 1222 1562 et
1244 1499 1386 1563 deorsum
1409 1500 1503 1583 proii-

250 1600 373 1662 ciuntur
397 1598 573 1662 uiolentius,
618 1619 672 1682 per
698 1598 755 1661 hoc
782 1598 877 1662 etiam
899 1600 1031 1664 fulmina
1054 1601 1160 1684 etqui
1183 1601 1329 1665 dicuntur
1351 1624 1389 1666 ex
1411 1602 1502 1666 nubi-

249 1701 306 1764 bus
329 1701 416 1765 uenti
439 1700 568 1764 attalia
591 1700 695 1764 omnia
717 1702 855 1764 lerunter
881 1702 1035 1766 deorsum.
1080 1704 1194 1767 etenim
1224 1706 1408 1769 naturaliter
1435 1727 1503 1768 sur·

248 1826 316 1867 sum
340 1805 436 1867 fertur
459 1824 549 1866 omno
572 1802 721 1866 calidum:
744 1809 852 1866 contra
874 1810 1017 1869 naturam
1040 1805 1147 1889 itaque
1169 1806 1260 1888 ignea
1281 1829 1388 1871 arsura
1403 1810 1502 1892 repel-
1515 1824 1545 1866 oo

209 1922 235 1966 15
249 1908 323 1971 litur
345 1907 497 1970 deorsum.
541 1926 596 1990 per
617 1906 800 1989 positionem
825 1927 897 1969 uero
920 1906 1102 1986 inflationis,
1127 1914 1284 1992 utcunque
1307 1917 1438 1974 euentus
1459 1912 1502 1974 sit

249 2011 367 2094 positus
389 2008 563 2073 latitudinis
587 2014 618 2071 ot
639 2007 798 2091 profundi,
824 2009 868 2072 sic
896 2010 994 2073 fertur
1020 2010 1197 2093 aliquando·
1216 2011 1340 2094 quidem
1368 2036 1503 2095 sursum,

249 2112 416 2195 aliquando
438 2116 545 2174 autem
567 2109 709 2173 deorsum
738 2116 793 2173 aut
819 2111 914 2175 ctiam
936 2112 1074 2195 oblique;
1101 2113 1236 2177 maximo
1264 2137 1337 2179 uero
1364 2116 1396 2180 in
1424 2116 1503 2179 obli-

251 2237 346 2299 quum
369 2213 576 2298 depelluntur.
621 2233 675 2295 per
699 2212 755 2276 hoc
777 2213 897 2278 duobus
918 2215 1073 2278 meatibus
1094 2217 1236 2279 feruntur
1256 2239 1335 2301 quae
1350 2220 1504 2298 feruntur,

251 2318 282 2380 ui
307 2317 432 2400 quidem
455 2315 612 2393 deorsum,
640 2322 753 2379 natura
780 2336 852 2380 uero
878 2337 1010 2381 sursum.
1055 2337 1110 2401 por
1132 2317 1190 2381 hoc
1213 2319 1308 2382 etiarn
1330 2321 1504 2385 discurren-

209 2436 236 2480 ao
249 2421 329 2485 tium
351 2420 510 2483 stellarum
532 2425 653 2481 meatus
675 2418 828 2501 plurimus
851 2419 995 2503 obliquus
1016 2421 1062 2498 sit,
1085 2440 1120 2483 oo
1143 2420 1225 2502 quod
1249 2442 1321 2486 uero
1338 2424 1426 2487 iuxta
1441 2433 1503 2488 ter-
1519 2441 1546 2482 το

250 2545 316 2588 ram
338 2523 416 2601 sint,
444 2527 475 2586 et
502 2519 649 2584 uelocitas
676 2541 783 2584 eorum
811 2521 921 2585 similis
948 2522 1098 2607 hisquae
1121 2522 1437 2607 nobisproiioiuntur
1460 2536 1508 2591 est

249 2627 295 2690 ita
312 2631 347 2689 ut
362 2625 458 2689 etiarn
473 2624 641 2687 uideantur
654 2624 756 2687 multa
772 2623 936 2688 uelocitate
951 2626 1120 2707 praeterire
1135 2631 1210 2688 tuuc
1224 2627 1321 2690 solem
1338 2629 1506 2713 etreliqua

250 2736 341 2794 astra.
386 2728 444 2791 hoc
465 2746 589 2809 quoque
612 2725 715 2809 ipsum
737 2725 849 2788 accidit
871 2732 902 2788 et
928 2727 1009 2811 circa
1032 2748 1082 2791 eos
1109 2727 1162 2811 qui
1186 2727 1331 2791 dicuutur
1353 2731 1504 2795 turbines,

250 2834 285 2896 ot
307 2833 391 2895 enim
413 2829 504 2893 turbo
528 2847 599 2890 cum
620 2834 794 2911 segregatus
820 2827 946 2911 spiritus
960 2822 1012 2894 ¹ab
1040 2831 1145 2914 aliqua
1170 2830 1252 2894 nube
1281 2831 1447 2897 offenditur
1473 2843 1506 2899 et

209 2953 236 2997 re
250 2931 505 3001 circumuoluitur
526 2929 608 2993 circa
629 2931 744 2994 nubem
767 2929 916 2994 circulum
939 2931 1054 2995 lacions
1077 2938 1109 2995 et
1129 2933 1210 2996 circa
1224 2933 1312 2997 illam
1328 2936 1504 3000 corrobora-

198 3177 213 3228 9
239 3175 347 3227 Aristot.
367 3171 488 3225 369221:
511 3169 546 3227 είς
562 3166 706 3221 τοίνναντίον
724 3171 771 3236 τῆς
787 3167 945 3234 πυκνότητος
962 3170 1097 3239 ἀναγκαῖον
1115 3167 1240 3241 γίγνεσθαι
1258 3171 1305 3241 τὴν
1323 3169 1447 3241 ἔκθλιψιν,
1465 3173 1518 3225 οίον
1537 3175 1562 3226 ο1

198 3268 305 3332 πυρῆνες
324 3260 346 3313 ol
362 3261 391 3312 ἐκ
409 3264 462 3311 τῶν
480 3255 615 3310 δαπτίυλων
633 3254 775 3326 πηδῶντες·
794 3258 838 3308 παὶ
857 3257 902 3328 γὰρ
921 3261 1000 3309 ταῦτα
1019 3257 1094 3329 βάρος
1112 3257 1203 3327 έχοντα
1221 3259 1320 3330 φέρεται
1339 3258 1458 3318 πολλὰκις
1478 3261 1533 3313 ἅνω

200 3353 232 3403 10
261 3350 298 3401 ld.
320 3348 441 3400 maala:
471 3348 543 3398 ιιοὶτω
567 3344 593 3396 δὲ
621 3343 739 3415 ριπτεῖται
762 3341 801 3394 διὰ
823 3343 852 3395 τό
879 3344 927 3413 τὴν
950 3343 1078 3396 πόανωσιν
1105 3345 1139 3403 είς
1161 3345 1190 3397 τό
1217 3347 1289 3397 κάτω
1313 3347 1395 3416 ῥέπειν
1418 3348 1465 3418 τὴν
1488 3349 1562 3400 ἀπω-

197 3436 299 3490 θοῦσαν.
336 3434 372 3487 διὸ
396 3435 440 3486 καί
463 3434 486 3485 ο1
509 3433 625 3504 κεραυνοὶ
648 3433 719 3483 κάτω
744 3430 873 3483 πίπτουσιν
1000 3431 1031 3484 12
1060 3433 1096 3485 ld.
1121 3432 1242 3486 3692192
1270 3433 1306 3486 διὸ
1330 3435 1374 3486 aul
1396 3435 1420 3486 ο1
1442 3438 1563 3505 κεραυνοί

198 3527 241 3577 καὶ
259 3525 282 3576 οἰ
300 3523 413 3592 έπνεφίαι
431 3521 475 3573 καί
492 3522 573 3572 πάντα
591 3520 743 3572 τὰτοιαῦτα
766 3520 866 3590 φέρεται
884 3520 970 3584 ιιάτίυ,
994 3520 1077 3571 καίτοι
1095 3520 1238 3591 πεφυκότος
1259 3521 1312 3573 ἅνω
1335 3527 1380 3574 τοῦ
1403 3520 1499 3594 θερμοῦ
1518 3524 1562 3594 φέ·

197 3610 283 3683 ρεσθαι
306 3611 398 3668 παντός
524 3608 555 3661 15
581 3607 619 3660 Id.
639 3606 760 3659 342221:
792 3607 832 3660 διὰ
856 3606 882 3659 δὲ
905 3608 951 3677 τὴν
974 3606 1042 3660 θέσιν
1064 3612 1110 3677 τῆς
1133 3606 1324 3675 ἀναθυμιάσεως
1346 3607 1416 3667 όπως
1439 3609 1469 3662 ἂν
1493 3609 1561 3682 τύχη

198 3700 300 3769 κειμένη
319 3703 365 3750 τοῦ
383 3697 493 3754 πλάτους
514 3697 558 3749 καὶ
579 3698 625 3747 τοῦ
650 3692 756 3764 βάθους,
780 3692 847 3746 οὕτω
871 3694 971 3766 φέρεται
995 3694 1011 3766 ἡ
1031 3695 1085 3747 ἅνω
1107 3694 1124 3762 ἢ
1147 3697 1219 3746 κάτω
1242 3693 1259 3764 ἡ
1279 3695 1314 3752 τίς
1334 3695 1364 3748 τό
1382 3695 1501 3766 πλάγιον·
1528 3699 1562 3750 τὰ

197 3787 300 3841 πλεῖστοι
318 3786 344 3838 δὲ
363 3786 397 3842 είς
415 3784 444 3837 τὸ
463 3784 567 3853 πλάγιον
590 3781 630 3834 διὰ
648 3781 677 3835 τὸ
695 3781 739 3835 eoo
758 3779 875 3853 φέρεσθαι
892 3783 984 3853 φοράς,
1007 3781 1049 3851 βίᾳ
1071 3781 1116 3849 μέν
1135 3782 1222 3843 κόπω,
1246 3779 1318 3851 φόσει
1335 3780 1359 3834 θ’
1381 3783 1449 3834 ἄνω·
1478 3786 1562 3836 πάντα

197 3877 243 3946 γὰρ
262 3874 329 3926 κατὰ
346 3874 393 3942 τὴν
406 3871 538 3942 διάμετρον
557 3871 658 3942 φέρεται
675 3871 830 3922 τὰτοιαῦτα.
861 3867 897 3921 διὸ
916 3870 960 3921 καὶ
972 3875 1025 3920 τῶν
1044 3867 1196 3921 διαθεόντων
1215 3869 1327 3941 ἀστέρων
1345 3869 1477 3940 ἡπλείστη
1497 3869 1561 3942 λοξὴ

198 3963 290 4033 γίνεται
309 3963 426 4030 φορά...
450 3957 666 4010 caerretanus
688 3955 794 4026 σελήνης
815 3962 895 4009 ταῦτα
912 3957 1013 4026 γίνεται.
1051 3963 1152 4025 σημεῖον
1172 3954 1195 4007 δ’
1217 3955 1233 4024 ἡ
1252 3957 1389 4027 φαινομένη
1411 3957 1498 4010 αὐτῶν
1516 3977 1561 4011 τα-

198 4049 279 4122 χυτὴς
297 4046 371 4116 ὁμοία
390 4047 452 4099 οὖσα
470 4054 521 4103 τοῖς
543 4043 586 4116 ὑφ’
607 4045 682 4114 ἡμῶν
701 4044 885 4116 ῥιπτουμένοις,
908 4044 924 4095 ἃ
943 4043 983 4096 1ιά
1000 4042 1029 4095 τό
1049 4041 1154 4112 πλησίον
1178 4041 1240 4094 εἶναι
1257 4043 1333 4113 ἡμῶν
1350 4043 1415 4097 πολὺ
1433 4044 1506 4098 δοκεῖ
1521 4051 1561 4116 τῷ

198 4139 270 4207 τάχει
288 4134 469 4206 παραλλαττειν
487 4134 566 4205 ἄστρα
583 4150 611 4184 τε
630 4133 673 4184 καί
691 4131 762 4202 ἥλιον
781 4133 824 4183 καὶ
843 4131 948 4202 σελήνην
1043 4129 1076 4181 ‘24
1096 4128 1129 4182 cf.
1148 4131 1256 4183 Aristot.
1275 4131 1378 4183 37129:
1397 4132 1454 4185 Nic.
1474 4133 1560 4185 Blem-

200 4224 261 4277 mid.
281 4224 350 4291 Epit.
370 4222 445 4289 phys.
464 4239 488 4290 p.
502 4221 623 4274 rra—50
644 4220 683 4273 ed.
703 4219 824 4289 Wegelin

200 4447 273 4499 3est
294 4443 330 4496 Οἳ
347 4447 372 4496 iu
390 4463 443 4496 ros.
462 4443 489 4511 (5
501 4446 561 4510 fere
580 4443 625 4494 liu.
643 4443 719 4509 eros.)
818 4443 898 4496 lsed
916 4459 969 4496 non
989 4459 1033 4495 ex·
1056 4441 1091 4494 ί]εί
1109 4443 1134 4491 in
1152 4459 1203 4492 rus.
1303 4442 1319 4493 'l
1339 4442 1515 4496 estimandum
1536 4446 1561 4497 G

199 4534 216 4586 8
235 4534 326 4600 digitis
345 4533 394 4584 0¹:
414 4531 508 4600 degitis
529 4530 565 4582 (3²
583 4531 630 4597 (sic
648 4532 718 4580 etiarn
738 4531 813 4597 infra,
833 4549 855 4581 υ.
870 4530 911 4596 10)
1017 4529 1047 4582 21
1069 4528 1106 4598 et]
1125 4533 1150 4582 et
1168 4547 1200 4579 au
1219 4529 1306 4594 etiam,
1325 4530 1438 4581 incertum
1457 4533 1481 4581 ιἰι
1504 4532 1526 4583 G

200 4621 233 4672 23
253 4636 355 4688 quoque
374 4621 460 4688 ipsum
481 4619 530 4670 Ol:
548 4620 634 4685 ipsum
654 4632 756 4686 quoque
777 4617 812 4668 6¹
914 4617 947 4670 24
959 4619 1014 4683 jair
1027 4621 1091 4682 jort.
1109 4635 1199 4684 praece
1218 4615 1309 4685 γίνεται
1328 4617 1373 4688 γὰρ
1391 4619 1480 4688 τυφὼν
1498 4617 1561 4671 ὅταν

199 4707 228 4760 τὸ
248 4709 277 4760 ἐκ
290 4710 379 4777 νέφους
397 4706 574 4776 έκιιρινόμενον
587 4709 685 4774 πνεῦμα
704 4705 780 4776 ἐτέρῳ
797 4706 844 4757 τινὶ
863 4705 931 4775 νέφει
943 4703 1079 4777 ἀντιαροόη
1099 4705 1142 4756 καὶ
1160 4705 1350 4775 περιστρέφηται
1369 4707 1424 4774 περί
1443 4705 1472 4758 τὸ
1485 4708 1562 4778 νέφος

201 4795 272 4848 ἕλικα
289 4799 375 4847 ποιοῦν
394 4797 436 4846 παὶ
454 4796 509 4866 περὶ
526 4794 606 4846 έκεῖνο
624 4793 765 4864 ἐρρωμένον
784 4791 866 4850 οὕτως
884 4791 949 4845 ὥστε
968 4793 1011 4845 καί
1029 4811 1053 4844 τι
1075 4793 1149 4862 μέρος
1167 4792 1314 4861 ἀναρπάζειν
1333 4796 1377 4843 τοῦ
1396 4794 1494 4863 νέφους,
1520 4800 1559 4865 τῷ

201 4883 237 4954 μὴ
256 4880 375 4936 δύνασθαι
393 4880 436 4934 ἀπ’
459 4880 576 4952 ἀλλήλων
594 4879 762 4953 διακρίνεσθαι
