3510 5610
201 302 244 370 80
711 371 713 374 ,
742 303 913 360 rnrscrnru
931 302 1014 360 nnn

254 477 458 562 prehendenti
481 485 512 542 et
535 480 752 563 comprehense
775 481 814 544 ab
838 480 894 544 eis:
924 486 1007 543 terra
1032 499 1106 543 uere
1134 500 1196 544 nen
1218 481 1297 545 bene
1319 480 1506 564 diffinitum3

254 580 388 643 solidum
411 582 493 645 enim
517 588 563 645 est
585 589 617 645 et
635 582 765 646 siccum:
789 582 992 646 affectabilior
1007 588 1112 646 autem
1127 582 1226 647 multe
1242 604 1312 647 aere
1328 591 1375 647 est
1390 604 1508 667 paruus

255 703 316 760 aer,
340 689 372 746 et
394 685 493 747 multa
516 705 597 768 aqua
620 684 762 748 similiter
784 685 895 748 minor.
940 684 1021 748 unde
1044 685 1143 749 latum
1166 685 1290 768 quidem
1314 706 1436 769 cerpus,
1459 692 1509 749 υῖ-

254 793 326 867 ροῖθ
358 786 495 868 lignenm
522 794 576 850 aut
602 787 732 850 alicuius
761 788 910 851 materiae
936 787 1071 851 multum
1101 787 1362 871 comprehendens
1395 809 1508 871 aquae,

226 903 317 951 enen
349 889 438 952 facile
471 891 580 968 lertur3
615 898 742 953 acutum
775 910 849 953 uere
878 896 913 952 υῖ
938 911 1068 974 paruam
1095 890 1357 974 comprehendens
1389 912 1506 974 aquam

254 992 350 1054 fertur
381 991 451 1055 cite.
497 992 644 1074 queniam
676 993 781 1076 itaque
811 993 918 1076 grauia
951 993 1067 1056 habent
1101 992 1257 1077 quandam
1289 993 1508 1057 fortitudinem

253 1093 416 1176 separandi
452 1094 627 1157 subiectum
665 1101 697 1158 θῖ
728 1095 801 1159 ferri
838 1095 996 1175 deorsum,
1033 1101 1066 1157 at
1103 1115 1175 1158 nere
1213 1116 1353 1159 connexa
1388 1095 1509 1160 habent

254 1196 410 1278 quandam
437 1196 586 1260 uirtutem
616 1217 678 1260 nen
705 1197 855 1281 separari,
889 1218 944 1281 per
976 1218 1070 1280 quam
1097 1217 1235 1261 connexa
1262 1204 1350 1277 sunt,
1383 1206 1508 1283 eportet

254 1318 305 1360 eas
327 1297 459 1363 uirtutes
481 1299 520 1362 ad
546 1320 578 1362 se
607 1299 740 1363 inuicem
770 1300 962 1363 committere
989 1307 1020 1363 et
1045 1308 1244 1383 superantem
1272 1300 1435 1364 dominari.
1480 1301 1508 1364 si
1587 1324 1596 1343 ·

213 1415 239 1459 10
253 1402 336 1465 enim
365 1402 467 1484 granis
493 1385 671 1481 fortitude(
689 1423 744 1485 per
776 1423 872 1486 quam
904 1403 971 1466 uim
1004 1403 1078 1477 facit
1110 1410 1140 1465 et
1170 1410 1294 1487 separat
1318 1404 1506 1483 subiectum,

252 1505 447 1588 superauerit
473 1505 602 1568 connexi
630 1504 794 1581 uirtutem,
827 1503 978 1568 discindet
1000 1511 1031 1568 οῖ
1053 1505 1219 1569 descendet
1244 1527 1299 1589 per
1326 1507 1454 1590 ipsum:·
1479 1506 1507 1569 si

251 1627 325 1670 uere
348 1607 460 1670 iterum
484 1607 614 1671 connexi
636 1607 829 1690 superauerit
850 1607 950 1671 uirtus
972 1607 1196 1690 segregatiuam
1217 1609 1320 1691 grauis
1341 1609 1506 1687 uirtutem,

252 1729 315 1772 non
337 1711 534 1793 superabitur
557 1731 731 1773 connexum
754 1730 855 1792 neque
877 1730 970 1792 graue
986 1709 1128 1773 deorsum
1144 1711 1273 1774 feretur:
1296 1711 1380 1774 unde
1394 1710 1507 1793 glaciei

253 1819 373 1875 crustae
399 1811 649 1896 superuehuntnr
675 1833 787 1895 aquae,
821 1819 852 1875 et
877 1814 996 1876 festuca
1023 1819 1053 1875 et
1074 1812 1101 1875 si
1124 1812 1198 1894 qnid
1225 1813 1287 1877 tale
1312 1813 1506 1898 superfertur

212 1928 239 1972 ιο
253 1915 326 1978 aeri.
371 1921 402 1978 et
424 1915 501 1978 illud
525 1914 596 1978 uide
619 1914 762 1998 deinceps
785 1935 822 1978 ex
845 1913 892 1978 his
915 1936 994 1998 quae
1016 1920 1142 1998 sumpta
1162 1922 1235 1979 sunt
1258 1915 1333 1999 quia
1354 1915 1504 1999 simpliei-

254 2017 310 2080 bus
332 2017 524 2100 cerperibuS‚
546 2037 625 2100 quae
648 2016 743 2080 etiam
766 2017 920 2080 elementa
939 2038 1101 2095 necamus,
1125 2025 1273 2101 quattuor
1299 2018 1506 2081 existentibus

252 2125 400 2203 quattuor
421 2126 495 2183 sunt
516 2119 764 2203 generalissimae
787 2139 894 2183 cerum
916 2119 1117 2199 differentiae,
1140 2119 1275 2184 calidum
1299 2126 1331 2184 et
1346 2120 1505 2204 frigidum,
1580 2131 1585 2143 ‘

250 2221 415 2285 humidum
438 2229 469 2284 et
491 2222 625 2285 aridum:
660 2221 769 2285 harum
798 2242 871 2285 uere
899 2222 1052 2305 quaedam
1078 2229 1152 2286 sunt
1178 2223 1317 2303 actinae,
1350 2223 1507 2306 quaedam

252 2345 326 2387 uero
348 2324 505 2409 passiuae:
529 2345 584 2408 per
605 2324 660 2387 has
682 2324 766 2387 enim
789 2324 943 2388 elementa
965 2331 1128 2388 mutantur
1147 2325 1180 2388 in
1194 2332 1293 2388 semet
1307 2324 1385 2408 ipsa.
1430 2325 1505 2389 cali·

210 2441 237 2485 an
250 2426 324 2490 dum
348 2427 431 2490 enim
454 2433 500 2490 est
520 2427 603 2509 qnod
618 2433 776 2509 comparat
790 2427 904 2491 similia
919 2448 1029 2511 genere
1051 2463 1091 2472 -
1115 2427 1287 2491 discernere
1303 2427 1397 2506 enim,
1420 2427 1505 2511 qued

251 2529 376 2614 quidem
399 2530 489 2593 aiunt
506 2531 606 2592 lacere
621 2529 734 2611 ignem,
757 2549 935 2613 comparare
953 2537 999 2593 est
1014 2530 1128 2592 similia
1143 2550 1268 2611 genere3
1291 2529 1405 2593 accidit
1419 2530 1504 2595 enim

251 2634 370 2696 anferre
401 2632 515 2695 aliena:
548 2631 694 2715 frigidum
720 2652 793 2694 uere
821 2632 903 2714 qnod
929 2638 1093 2715 cengregat
1120 2639 1151 2694 et
1177 2638 1336 2715 comparat
1357 2632 1505 2696 similiter

251 2733 413 2818 congenita
436 2741 467 2798 et
488 2756 568 2818 quae
589 2740 663 2797 sunt
685 2733 847 2797 dissimilia
868 2755 992 2817 genere:
1019 2734 1182 2798 humidum
1204 2754 1328 2818 queque
1350 2734 1433 2818 qued
1456 2735 1504 2798 in-

250 2837 376 2900 linitum
391 2836 517 2920 quidem
531 2836 653 2920 proprie
670 2836 812 2916 termine,
835 2837 913 2901 bene
928 2857 1002 2901 uere
1018 2837 1142 2902 finitum
1156 2844 1217 2900 est:
1241 2835 1362 2900 aridum
1377 2857 1504 2921 queque

209 2956 237 3000 aa
251 2942 330 3004 benc
342 2939 511 3003 diffinitum
526 2938 650 3022 quidem
666 2938 788 3022 proprie
803 2939 946 3015 termine,
962 2939 1120 3003 inlinitum
1135 2960 1218 3003 uere.
1264 2938 1378 3002 subtile
1394 2945 1504 3031 autem

251 3051 282 3108 et
305 3063 440 3106 crassum
465 3050 496 3105 et
517 3062 610 3123 graue
632 3048 664 3104 et
685 3041 754 3104 lene
777 3046 808 3104 et
830 3062 936 3105 omnes
959 3041 1039 3106 aliae
1061 3041 1252 3105 differentiae
1278 3041 1311 3105 in
1333 3041 1389 3105 has
1411 3049 1504 3125 quat·

197 3232 213 3285 3
231 3210 340 3284 Arislot.
359 3229 480 3281 313b11:
499 3230 531 3280 τὰ
550 3229 595 3296 μὲν
607 3227 651 3280 οὖν
669 3228 760 3298 ἔχοντα
778 3230 871 3288 πλάτος
890 3229 930 3282 διὰ
947 3229 977 3281 τὸ
995 3228 1059 3281 πολὺ
1072 3228 1263 3300 περιλαμβάνειν
1282 3229 1398 3298 ἐπιμένει,
1417 3228 1459 3282 διὰ
1471 3229 1500 3282 τὸ
1520 3231 1558 3299 μὴ
1626 3211 1632 3224 ’

196 3317 345 3371 διασπᾶσθαι
362 3315 392 3368 τὸ
404 3314 487 3368 πλεῖον
506 3315 608 3387 ῥαδίως·
627 3317 658 3368 τὰ
677 3315 700 3368 δ’
716 3317 834 3376 ἐναντίως
853 3318 944 3386 ἔχοντα
963 3323 1013 3374 τοῖς
1031 3317 1142 3389 σχήμασι
1160 3315 1200 3369 διά
1218 3316 1247 3368 τὸ
1261 3315 1343 3385 ὀλίγον
1361 3315 1558 3388 περιλαμβάνιιν

196 3407 297 3477 φέρεται
315 3406 402 3465 κάτω,
424 3402 509 3455 διὰτὸ
529 3403 627 3475 διαιρεῖν
647 3404 745 3474 βαδίως.
782 3406 824 3457 καί
843 3405 869 3455 ἐν
888 3405 940 3471 ἀέρι
959 3402 1022 3454 πολὺ
1041 3402 1145 3472 μᾶλλον,
1163 3401 1214 3473 ὅσιρ
1233 3387 1446 3476 εδδιαιρετώτερος
1465 3403 1558 3463 ὕδατός

198 3494 271 3545 ἐστιν.
300 3492 352 3544 ἐπεὶ
370 3490 397 3542 δὲ
416 3491 445 3542 τό
463 3509 489 3542 τε
507 3491 581 3562 βάρος
599 3490 651 3561 ἔχει
669 3493 723 3543 τινὰ
743 3492 813 3564 ίσχὺν
832 3489 893 3543 καθ’
908 3491 939 3559 ἢν
957 3492 1057 3560 φέρεται
1075 3493 1156 3554 κάτω,
1174 3492 1218 3543 καί
1235 3492 1267 3543 τὰ
1279 3495 1370 3561 συνεχῆ
1390 3492 1452 3559 πρὸς
1470 3492 1500 3545 τδ
1519 3494 1556 3563 μὴ

196 3577 353 3644 διασπᾶσθαι,
371 3582 451 3630 ταῦτα
469 3578 506 3630 δεῖ
517 3597 577 3650 προς
596 3578 694 3648 ἄλληλα
712 3577 875 3647 συμβάλλειν·
894 3579 936 3630 ἐὰν
955 3580 1000 3650 γὰρ
1017 3577 1160 3650 ὑπερβάλλῃ
1180 3579 1196 3648 ἡ
1216 3578 1285 3652 ίσχδς
1304 3579 1320 3648 ἡ
1336 3583 1380 3631 τοῦ
1400 3580 1492 3652 βάρους
1509 3585 1558 3650 τῆς

106 3698 111 3706 ·
196 3666 222 3718 ἐν
240 3669 278 3734 τῷ
297 3656 395 3734 συνερεῖ
412 3665 473 3736 πρὸς
491 3666 537 3735 τὴν
555 3666 683 3718 διάσπασιν
702 3668 745 3719 καί
763 3666 886 3738 διαίρεσιν,
906 3666 1016 3735 βιάσεται
1028 3669 1100 3718 κάτω
1119 3664 1221 3731 θᾶττον,
1240 3667 1283 3719 ἐὰν
1301 3665 1328 3718 δὲ
1346 3666 1512 3739 ἀσθενεστέρα
1529 3663 1557 3740 ᾗ,
1589 3722 1591 3726 ,

195 3751 337 3806 ἐπιπολάσαι
423 3754 452 3805 ll
472 3753 509 3805 ld.
529 3754 650 3807 saurae:
669 3754 767 3826 θερμὸν
781 3753 807 3806 δὲ
825 3754 869 3805 καὶ
887 3752 984 3826 ψυχρὸν
1002 3755 1046 3806 καὶ
1063 3753 1137 3824 ὑγρὸν
1156 3754 1199 3805 καὶ
1218 3751 1293 3826 ξηρὸν
1311 3755 1343 3806 τὰ
1362 3754 1408 3823 μὲν
1425 3757 1464 3823 τῷ
1483 3752 1557 3824 ποιὴ-

194 3844 254 3892 τινιὰ
277 3839 337 3891 εἶναι
359 3841 390 3892 τὰ
413 3840 439 3892 δὲ
460 3844 497 3910 τῷ
521 3838 650 3910 παδῃτιιιδ
668 3840 776 3910 λέγεται·
803 3841 896 3912 δερμδν
917 3843 963 3912 γάρ
986 3841 1036 3893 ἐστι
1058 3840 1087 3893 τὸ
1111 3848 1240 3912 συγκρῖνον
1262 3842 1294 3894 τὰ
1317 3841 1425 3911 ὁμογενῆ
1449 3840 1490 3909 (τὸ
1509 3842 1557 3911 γάρ

195 3926 341 3998 διακρίνειν,
365 3924 425 3998 ὅπερ
444 3930 503 3998 φασί
521 3936 598 3981 ποιεῖν
616 3929 645 3981 τὸ
664 3934 725 3999 πῦρ,
749 3928 886 4000 συγκρίνειν
905 3929 956 3980 ἐστὶ
977 3930 1009 3980 τὰ
1027 3927 1155 3998 ὁμόφυλα·
1183 3928 1313 3998 συμβαίνει
1330 3930 1376 3999 γὰρ
1396 3928 1500 4000 ἐξαιρεῖν
1523 3929 1557 3981 τὰ

196 4013 339 4086 ἀλλότρια),
362 4014 459 4086 ψυχρὸν
478 4015 504 4067 δὲ
522 4016 551 4068 τὸ
570 4019 674 4086 συνάγον
697 4018 741 4069 καὶ
762 4024 892 4088 συγκρινον
915 4015 1010 4083 δμοίως
1028 4016 1059 4067 τὰ
1081 4033 1108 4067 τε
1130 4016 1235 4086 συγγενῆ
1257 4008 1301 4067 καί
1318 4016 1350 4068 τά
1374 4016 1410 4085 μὴ
1429 4015 1556 4085 δμάρυλα,

194 4101 269 4173 ὑγρὸν
288 4101 355 4154 δὲτὸ
373 4102 485 4173 ἀόριστον
498 4103 582 4174 οίιιείιρ
601 4103 651 4175 ὅριρ
665 4104 789 4175 εδίριστον
803 4104 838 4168 ὄν,
859 4101 932 4175 ξηρὸν
951 4103 978 4155 δὲ
990 4102 1019 4155 τδ
1033 4102 1157 4174 εὐόριστον
1175 4103 1221 4170 μὲν
1234 4101 1318 4171 οίαείιρ
1332 4099 1392 4172 ὅρῳ,
1410 4102 1556 4176 δυσόριστον

195 4189 230 4241 δέ.
267 4189 295 4242 τὸ
314 4189 340 4241 δὲ
359 4189 449 4242 λεπτὸν
468 4192 511 4243 καὶ
527 4192 596 4264 παχὺ
615 4192 658 4243 καί
671 4191 787 4261 γλίσχρον
806 4192 849 4243 καί
867 4196 975 4262 νιραῦρον
994 4192 1038 4242 καί
1057 4189 1165 4269 σκληρὸν
1183 4190 1227 4242 καί
1244 4189 1359 4258 μαλακὸν
1378 4190 1421 4242 οιαὶ
1437 4191 1464 4242 αί
1480 4191 1556 4245 ἄλλαι

195 4278 311 4349 διαφοραί
329 4278 358 4330 ἐκ
376 4276 474 4330 τούτων
570 4279 603 4331 *26
622 4279 660 4331 ld.
679 4278 801 4332 330224:
821 4285 897 4331 πᾶσαι
915 4279 940 4330 αἱ
958 4277 1032 4331 ἄλλαι
1050 4277 1165 4350 διαροραί
1183 4278 1316 4348 ἀνάγονται
1334 4278 1369 4336 είς
1386 4279 1431 4336 τὰς
1450 4278 1556 4350 πρώτας

195 4366 315 4437 τέτταρας

195 4539 211 4592 5
239 4537 344 4607 aquam]
364 4528 403 4607 aii
420 4538 460 4592 Ha
480 4557 549 4609 aqua
570 4540 623 4591 cM
729 4540 761 4592 10
789 4539 946 4609 subiectum]
965 4539 1049 4593 sub'm
1069 4541 1100 4591 H
1207 4539 1236 4590 11
1266 4538 1401 4606 superauit
1419 4538 1449 4588 H

198 4625 228 4677 12
248 4626 359 4678 connexi
379 4625 419 4678 H:
439 4628 595 4679 connexium
617 4626 648 4678 C:
668 4642 814 4679 connexum
835 4629 867 4677 H
972 4629 1104 4695 superarit
1122 4627 1154 4677 H
1257 4626 1287 4678 13
1304 4626 1388 4678 fertur
1408 4626 1465 4675 CM

197 4711 228 4763 15
251 4709 325 4779 qnia]
345 4713 390 4780 qui
412 4713 474 4766 CH:
494 4731 544 4781 que
563 4714 595 4764 H
698 4714 729 4765 19
754 4719 886 4766 metantur
907 4715 991 4766 CHH
1094 4715 1127 4766 13
1152 4714 1291 4782 congenita
1311 4714 1341 4763 H
1358 4730 1408 4781 quc
1428 4717 1491 4764 sunt
1511 4729 1554 4765 ce-

195 4800 284 4867 gentia
305 4801 358 4850 GH
425 4800 528 4853 24-25
548 4803 613 4854 bene
630 4804 837 4856 nere-termine
857 4823 901 4853 om.
924 4804 945 4850 0
1012 4801 1045 4854 24
1063 4817 1125 4854 uero
1145 4803 1185 4854 H:
1204 4801 1256 4854 alie
1277 4802 1308 4852 d!
1377 4801 1411 4854 25
1429 4815 1492 4853 uero
1514 4800 1553 4854 H:

194 4887 247 4943 alio
268 4887 299 4938 Μ
405 4887 721 4943 tentamentorum
741 4888 769 4940 H
