3510 5610
206 295 266 359 126
361 296 609 351 Arrsrorflsrls
627 297 810 351 nlsroslss
830 298 1024 353 Asinium(
1042 297 1190 353 srirorssr
1209 299 1232 351 11
1249 296 1401 353 irs-482

340 467 431 552 (410)
462 467 744 557 Ἀριστοφάνους.
787 468 871 535 Ἔστι
897 472 949 555 μὲν
971 478 1030 534 τῶν
1058 472 1063 557 i
1092 474 1229 559 δισχιδιῖιν
1252 470 1432 537 συνοόόντων
1454 470 1561 533 δεῦσε

256 564 372 653 ἔλαφος.
415 572 577 656 οὐδὲνγὰρ
604 579 661 635 τῶν
689 575 725 637 τά
751 574 858 659 κέρατα
883 574 1011 658 ἐχόντων
1038 576 1105 640 οότε
1132 574 1305 663 χαυλιόδουν
1332 575 1409 638 ἐστὶν
1436 572 1505 639 οὔτε
1589 636 1593 643 .

254 672 462 757 καρχαρόδουν,
484 673 551 738 οὔτε
569 675 636 745 τοὺς
651 674 789 760 ἀν(ωοεν)
812 674 929 746 ὀδόντας
945 675 1008 761 ἔχει
1031 679 1078 742 διά
1100 680 1133 742 τὸ
1156 679 1197 746 είς
1219 678 1271 761 τὴν
1293 681 1351 739 τῶν
1374 678 1505 761 κεράτων

254 773 338 855 φύσιν
353 776 459 847 αὐτοὺς
478 776 709 862 ἀπολ(ε)λόσοαι.
795 778 888 860 (47ῖ)
909 776 972 864 ἔχει
994 782 1026 844 δὲ
1041 782 1058 843 ὀ
1073 779 1182 866 ἔλαφος
1203 780 1290 865 μόνος
1310 786 1368 843 τῶν
1390 801 1506 863 καρατο-

226 874 351 959 ῡφόρων
378 878 412 941 τά
438 878 569 963 κε’ρ(ατα)
596 879 631 943 δι’
658 882 728 945 ὀλου
756 882 872 964 στερεοί,
897 886 955 943 τῶν
982 882 1079 946 ἀλλων
1106 884 1142 947 τὰ
1166 888 1304 968 προσφυῆ
1329 889 1371 967 τῷ
1395 882 1504 969 κρανίῳ

254 983 338 1043 κοῖλα
359 981 522 1066 ἐχ(όντων.)
608 984 702 1067 (418)
724 985 882 1068 ἀποβάλλει
903 985 936 1048 δὲ
959 986 975 1047 ό
998 983 1105 1069 ἔλαφος
1126 986 1162 1049 τὰ
1183 985 1289 1069 κέρατα
1311 983 1376 1047 κατ’
1397 982 1471 1054 ἔτος.

252 1081 345 1165 (479)
366 1082 430 1169 ἔχει
445 1086 478 1149 δὲ
492 1084 626 1170 αίδο(ἶον)
642 1088 750 1170 μακρόν
770 1086 817 1149 καὶ
832 1088 984 1169 νευρῶδες,
1000 1089 1099 1171 ὅμοιον
1115 1090 1257 1173 καμήλου.
1322 1086 1415 1171 (480)
1435 1089 1503 1151 διοι-

253 1186 361 1269 χίλεῖσα
383 1188 415 1250 δὲ
438 1190 530 1273 χολὴν
555 1189 606 1272 μὲν
628 1188 682 1251 οὐκ
704 1187 777 1273 ἔχει,
801 1189 829 1250 αἱ
852 1189 885 1251 δὲ
906 1189 1058 1272 λεγόμεναι
1080 1190 1200 1275 ἀχαίναι
1222 1192 1252 1253 ἐν
1271 1197 1308 1273 τῇ
1330 1190 1425 1275 κέρκιρ
1448 1190 1503 1273 τὴν

253 1289 345 1372 χολὴν
368 1289 481 1376 ἔχουσι.
589 1296 646 1354 τῶν
670 1292 765 1374 δὲμὴ
790 1290 923 1375 ἐχουσῶν
945 1294 1038 1377 χολὴν
1064 1293 1096 1355 τό
1122 1290 1235 1376 ἔντερον
1257 1297 1317 1361 τοῖς
1337 1292 1503 1375 γευομένοις

214 1405 240 1449 10
253 1393 354 1475 πικρὸν
377 1392 511 1477 ὑπάρχει.
607 1393 702 1477 (481)
728 1392 791 1477 ἔχει
813 1393 846 1456 δὲ
868 1395 915 1455 καὶ
938 1394 1012 1478 αὐτὴ
1036 1394 1144 1463 κοιλίας
1165 1395 1316 1479 τέσσαρας,
1338 1396 1436 1480 ἐχῖνον
1457 1418 1504 1459 κε-

255 1495 400 1579 κρόφαλον
422 1494 560 1580 ἤνυστρον
582 1499 630 1560 καί
646 1497 697 1580 τὴν
721 1496 799 1564 ίδίως
821 1496 977 1580 λεγομένην
999 1498 1118 1562 κοιλίαν.
1204 1498 1297 1581 (482)
1319 1499 1335 1560 ό
1357 1497 1391 1561 δὲ
1411 1496 1504 1581 ἄρρην

255 1599 287 1660 τὸ
310 1598 361 1681 μὲν
384 1598 492 1661 αίδοῖον
514 1596 577 1684 ἔχει
599 1600 696 1671 ἐκτός,
719 1598 785 1666 τοὺς
807 1598 839 1660 δὲ
862 1596 959 1683 ὄρχεις
981 1600 1059 1684 παρά
1081 1600 1149 1668 τοὺς
1170 1600 1299 1684 νεφροός.
1345 1600 1503 1683 ἐκτμηθείς

253 1702 286 1764 δὲ
307 1701 375 1768 τοὺς
397 1698 493 1786 ὄρχεις
515 1702 610 1765 οὐκέτι
632 1702 713 1788 φέρει
736 1700 852 1784 κέρατα,
874 1701 899 1763 εί
921 1703 954 1764 δὲ
975 1702 1052 1787 τόχη
1075 1701 1155 1788 ἔχων
1177 1702 1257 1785 (οὐκ)
1277 1703 1447 1787 ἀποβάλλει.

201 1939 213 1990 1
236 1938 363 2009 δισχιόὧν]
384 1938 687 1993 Arist.hist.anim.B1
709 1956 735 2007 p.
747 1937 839 1990 issbs
861 1938 893 1991 τά
911 1938 937 1991 δέ
955 1938 1053 2009 δισχιόῆ
1073 1941 1117 1993 καί
1135 1939 1190 1991 ἀντὶ
1207 1945 1260 1991 τῶν
1278 1936 1377 2007 ὀνόχων
1395 1936 1476 2009 χηλάς
1493 1938 1556 2011 ἐχει,

199 2025 282 2096 ὥσπερ
295 2026 419 2097 πρόβατον
436 2027 479 2079 καί
491 2026 530 2088 cii
548 2029 592 2080 καὶ
605 2027 695 2096 ἔλαφος
714 2027 757 2079 καί
774 2026 849 2084 ίππος
867 2024 880 2078 ό
893 2028 1012 2094 ποτάμιος
1116 2027 1132 2078 ‘2
1150 2025 1232 2094 οὐδὲν]
1251 2027 1328 2078 Arist.
1339 2030 1405 2093 part.
1416 2026 1497 2079 anim.
1508 2022 1555 2079 1¹2

199 2130 225 2181 p.
238 2114 344 2167 6631131
368 2114 415 2183 τὴν
436 2120 493 2182 γοῦν
514 2114 627 2167 τοιοότου
649 2114 765 2184 σώματος
787 2114 1005 2183 περισσιυματικλγν
1025 2112 1164 2184 ὑπερβολὴν
1186 2115 1212 2167 ἐν
1230 2120 1281 2171 τοῖς
1299 2113 1392 2180 μείζοσι
1408 2118 1462 2165 τῶν
1480 2114 1556 2183 ζῴων

199 2200 357 2272 δπάρχουσαν
375 2202 415 2253 ἐπί
433 2201 550 2271 βοήθειαν
568 2205 611 2256 καί
629 2203 658 2255 τό
677 2203 801 2273 συμφέρον
820 2206 978 2271 καταχρῆται
997 2202 1012 2271 ἡ
1032 2201 1116 2272 φόσις,
1138 2202 1182 2253 καί
1204 2201 1250 2269 τὴν
1272 2198 1375 2270 ῥέουσαν
1396 2198 1422 2260 ἐξ
1443 2200 1555 2271 ἀνάγκης

199 2288 232 2347 είς
250 2290 292 2341 τόν
305 2289 357 2340 ἀνω
376 2288 451 2341 τόπον
469 2297 520 2347 τοῖς
538 2291 582 2357 μὲν
599 2290 633 2348 είς
652 2288 753 2347 ὀδόντας
772 2290 815 2340 καί
828 2288 1004 2358 χαυλιόδοντας
1022 2291 1145 2356 ἀπένειμε,
1164 2295 1214 2345 τοῖς
1232 2285 1251 2338 δ’
1267 2287 1300 2345 είς
1318 2287 1420 2357 κέρατα.
1447 2286 1485 2341 ὀιό
1501 2294 1555 2341 τῶν

198 2376 374 2447 κερατοφόρων
393 2376 462 2428 οόδέν
481 2378 545 2428 ἐστιν
563 2376 696 2447 ἅμφωόον·
722 2376 775 2428 ἀνω
793 2377 839 2445 γὰρ
861 2375 908 2428 ουκ
927 2377 979 2445 ἔχει
1000 2376 1057 2435 τοὺς
1074 2372 1206 2444 προσδίους
1224 2373 1338 2432 ὀδόντας·
1363 2372 1489 2443 ἀφελοῦσα
1506 2378 1555 2447 γάρ

198 2462 311 2516 ὀντεῡίλεν
329 2464 346 2533 ἡ
365 2462 436 2531 φόσις
453 2472 503 2522 τοῖς
522 2467 607 2532 κέρασι
630 2462 784 2536 προσέθηκε,
807 2464 851 2515 καί
868 2464 884 2533 ἡ
904 2463 1017 2534 διδομένη
1041 2463 1121 2532 τροφὴ
1146 2463 1179 2520 είς
1196 2461 1253 2519 τους
1276 2460 1378 2520 ὀδόντας
1398 2461 1502 2521 τοότους
1519 2464 1555 2523 είς

197 2552 244 2621 την
262 2558 314 2605 τῶν
331 2552 444 2619 κεράτων
463 2547 564 2620 αόξησιν
582 2550 738 2604 ἀναλίσκεται
826 2552 842 2601 4
866 2550 929 2620 ἔχει]
948 2552 1030 2603 Arist.
1047 2545 1161 2602 [01¹2
1183 2566 1208 2617 p.
1221 2548 1330 2601 6631112
1348 2548 1400 2601 ἐστι
1416 2548 1443 2602 δέ
1460 2552 1493 2603 τά
1510 2551 1554 2603 κί-

197 2657 260 2708 ρατα
272 2637 305 2689 δι’
320 2633 378 2691 όλου
391 2638 476 2705 στερεά
487 2644 537 2696 τοῖς
549 2637 649 2708 ἐλάφοις
662 2638 751 2706 μόνοις,
770 2639 813 2689 καί
829 2636 964 2706 ἀποβάλλει
976 2639 1058 2705 μόνον,
1076 2636 1158 2689 ἐνεκεν
1170 2637 1215 2705 μὲν
1233 2634 1354 2705 ὠφελείας
1366 2636 1554 2705 καυφιζόμτνον,

197 2726 223 2786 ἐξ
242 2727 351 2795 ἀνάγκης
369 2724 395 2776 δέ
413 2724 453 2777 διά
470 2726 499 2778 τό
519 2725 600 2795 βάρος.
627 2732 680 2778 τῶν
697 2725 717 2778 δ’
730 2726 814 2778 ἄλλων
832 2727 864 2777 τὰ
881 2726 975 2795 κέρατα
992 2728 1066 2795 μέχρι
1078 2724 1142 2781 τινὸς
1155 2723 1236 2785 κοῖλα,
1253 2724 1285 2776 τὰ
1300 2722 1320 2775 δ’
1333 2722 1398 2792 άκρα
1415 2726 1503 2793 στεριά
1514 2723 1556 2779 διὰ

197 2813 226 2865 τό
246 2812 306 2883 πρὸς
324 2812 368 2870 τὰς
387 2812 482 2881 πληγάς
499 2812 565 2865 τοῦτ’
581 2813 640 2866 εἶναι
659 2815 781 2883 χρήσιμον
886 2814 901 2864 0
920 2810 1066 2881 ἀποβάλλει]
1085 2813 1164 2863 Arist.
1177 2813 1238 2864 hist.
1251 2811 1330 2863 anim.
1342 2807 1389 2862 Bl
1408 2826 1434 2877 p.
1444 2810 1556 2865 500210

197 2898 333 2969 ἀποβάλλει
345 2899 370 2951 δέ
384 2901 415 2951 τὰ
427 2902 520 2969 κέρατα
534 2901 610 2967 μόνον
623 2901 713 2970 ἔλαφος
727 2900 781 2953 κατ’
795 2900 858 2963 ἔτος,
871 2900 1006 2969 ἀρξάμενος
1018 2898 1067 2951 ἀπὸ
1080 2898 1181 2963 διετοῦς,
1196 2899 1239 2950 καί
1251 2897 1323 2950 πάλιν
1336 2897 1399 2965 φόει.
1424 2898 1456 2951 τί.
1471 2900 1555 2953 Arist.

196 2988 214 3039 l.
227 3004 249 3039 c.
263 2984 311 3039 Γ9
333 3004 358 3055 ρ.
371 2986 479 3040 minis>
616 2989 631 3040 7
656 2988 720 3058 ἔχει]
740 2989 819 3041 Arist.
836 2988 853 3039 ί.
866 3003 888 3040 c.
903 2984 924 3039 B
940 2989 948 3038 1
975 3003 1001 3054 p.
1013 2984 1122 3038 5001»ἳέ
1145 2987 1176 3038 τά
1195 2985 1221 3037 δέ
1240 2985 1340 3049 (αίδοῖα)
1358 2984 1484 3057 νευρώδη,
1501 2986 1554 3041 οἷον

197 3074 313 3144 καμήλου
331 3076 374 3127 καί
392 3074 484 3143 ἐλάφου
595 3075 611 3127 8
630 3074 720 3145 χολὴν]
740 3076 819 3127 Arist.
837 3076 855 3127 1.
867 3090 889 3126 c.
903 3071 924 3126 B
939 3074 969 3126 15
988 3090 1013 3141 p.
1024 3072 1132 3125 5062120
1155 3072 1234 3143 χολὴν
1252 3071 1277 3124 δὲ
1296 3078 1347 3124 τῶν
1366 3072 1440 3142 ζῴων
1456 3074 1489 3125 τά
1506 3074 1554 3141 μέν

197 3162 257 3232 ἔχει,
275 3162 307 3213 τά
324 3160 343 3213 δ’
359 3161 406 3214 αόκ
426 3162 477 3231 ἔχει
495 3163 535 3214 ἐπὶ
552 3165 589 3232 τῷ
608 3162 692 3232 ἥπατι.
724 3169 775 3213 τῶν
793 3163 838 3229 μὲν
857 3162 991 3230 ζῳοτόκων
1009 3161 1052 3212 καί
1069 3160 1228 3232 τετραπόδων
1246 3159 1337 3228 ἔλαφος
1358 3158 1405 3211 οὐκ
1423 3160 1477 3229 ἔχει
1495 3160 1554 3215 οίνόἐ

197 3248 268 3318 πρόξ,
286 3248 323 3301 ίτι
341 3248 367 3301 δέ
385 3249 467 3311 ίππος,
486 3248 569 3317 ὀρεός,
588 3248 654 3311 ὄνος,
674 3249 750 3319 φώκη
771 3251 814 3302 καί
832 3256 884 3303 τῶν
902 3248 955 3301 δῶν
974 3248 1040 3300 ἔνιοι.
1070 3253 1121 3299 τῶν
1140 3246 1159 3299 δ’
1175 3246 1275 3315 ἐλάφων
1292 3246 1318 3297 αί
1334 3243 1443 3316 ἰλχαίναι
1460 3244 1554 3299 καλοό·

197 3356 267 3405 μενοι
284 3336 398 3389 δοκοῦσιν
417 3335 481 3405 ἐχειν
500 3337 526 3389 ἐν
543 3341 576 3407 τη
594 3338 680 3407 κίρκῳ
701 3336 788 3407 χολήν.
822 3336 873 3389 ἔστι
894 3336 942 3388 δό
962 3336 1059 3406 λέγουσι
1079 3335 1109 3388 τό
1131 3336 1177 3403 μέν
1199 3340 1292 3404 χρῶμα
1314 3330 1400 3402 όμοιον
1420 3332 1500 3406 χολῇ,
1520 3334 1553 3387 οδ

197 3426 281 3493 μέντοι
299 3420 357 3477 ὅλον
375 3424 448 3492 ὑγρὸν
467 3421 556 3485 οὕτως,
575 3422 627 3476 ἀλλ’
642 3422 728 3491 ὅμοιον
745 3428 782 3493 τῷ
801 3429 845 3475 τοῦ
864 3423 972 3493 σπληνὸς
990 3423 1022 3475 τὰ
1040 3423 1113 3482 ἐκτός
1219 3422 1235 3471 9
1257 3428 1309 3474 τῶν
1327 3421 1353 3473 δὲ
1371 3421 1406 3490 μὴ
1425 3420 1552 3491 ἐχουσῶν]

197 3514 276 3565 Arist.
290 3508 372 3564 1.c.B
384 3512 414 3564 15
432 3529 457 3579 p.
467 3512 573 3564 506231
593 3510 672 3581 χολὴν
691 3513 735 3579 μὲν
754 3511 796 3563 οὖν
815 3512 862 3563 οὐκ
879 3511 976 3581 ἔχουσιν
995 3511 1017 3563 ο1
1031 3510 1126 3579 ἔλαφοι,
1145 3508 1228 3580 ὥσπερ
1247 3508 1354 3579 εἴρηται·
1375 3508 1404 3560 τό
1421 3506 1441 3561 δ’
1453 3508 1553 3579 ἔντερον

196 3599 281 3651 αὐτῶν
302 3600 353 3651 ἐστι
374 3598 463 3667 πικρὸν
484 3596 565 3656 οὕτως
588 3598 652 3650 ὥστε
676 3598 739 3668 μηδὲ
761 3600 819 3656 τοὺς
841 3597 918 3657 κόνας
940 3598 1033 3650 ἐθέλειν
1056 3598 1158 3659 ἐσθίειν,
1182 3596 1211 3647 ἀν
1235 3597 1270 3666 μὴ
1295 3596 1389 3664 σφόδρα
1410 3596 1474 3647 πίων
1494 3592 1512 3667 ᾗ
1536 3594 1552 3651 δ

196 3686 287 3755 ίλαφος
408 3686 439 3737 10
457 3686 521 3755 ἔχει]
541 3682 868 3754 Arisi.part.a11irn.i'14
888 3702 914 3753 p.
925 3685 1016 3737 67411Ι
1040 3684 1137 3737 τοότων
1155 3681 1174 3734 δ’
1190 3682 1295 3735 ἕκαστον
1314 3683 1410 3741 πλείους
1429 3683 1480 3753 ἔχει
1497 3702 1553 3737 κοι-

196 3773 261 3838 λίας,
280 3773 330 3825 οίον
348 3774 485 3843 πρόβατον,
505 3773 576 3842 βοός,
594 3772 645 3834 αίξ,
665 3773 795 3843 ἔλαφος..
809 3772 864 3826 .διό
882 3774 914 3824 τὰ
931 3778 1034 3825 τοιαῦτα
1051 3777 1103 3824 τῶν
1121 3772 1194 3841 ζῴων
1212 3770 1311 3829 πλείους
1329 3770 1380 3841 ἔχει
1397 3771 1489 3831 τόπους
1507 3772 1553 3825 καί

196 3862 279 3930 μόρια.
309 3859 443 3913 καλοῦνται
462 3860 583 3912 δὲταῦτα
602 3860 682 3912 κοιλία
701 3863 744 3913 καί
764 3858 919 3929 κικρόφαλος
937 3862 981 3912 καὶ
999 3861 1078 3931 ἐχῖνος
1097 3861 1140 3912 καί
1157 3860 1276 3929 ἤνυστρον
1402 3858 1433 3911 12
1455 3860 1552 3931 ἐκτμη-

194 3947 257 4016 θείς]
277 3949 357 4001 Arist.
371 3950 431 4001 hist.
444 3950 524 4000 anim.
538 3944 593 3999 148
614 3964 639 4015 p.
653 3948 761 3999 632210
784 3949 806 3999 οί
827 3947 847 4000 δ’
864 3948 951 4017 ἔλαφοι
972 3949 1014 4000 ἐὰν
1036 3950 1080 4015 μὲν
1102 3948 1138 4017 μη
1160 3967 1201 3998 πω
1222 3947 1254 3998 τὰ
1275 3947 1369 4015 κέρατα
1390 3946 1489 4017 ἔχοντες
1509 3945 1552 3999 διά

195 4036 241 4105 τὴν
263 4035 361 4106 ἡλικίαν
384 4034 558 4105 ἐκτμηίλῶσιν,
581 4035 665 4087 οίικέτι
688 4034 776 4105 φόουσι
799 4036 905 4103 κέρατα·
930 4036 972 4087 ἐὰν
995 4034 1014 4086 δ’
1034 4034 1137 4103 ἔχοντας
1160 4035 1255 4105 ἐκτίμη
1277 4052 1326 4098 τις,
1349 4034 1378 4086 τό
1397 4052 1425 4086 τε
1445 4031 1553 4103 μάγιδος

195 4123 287 4176 ταυτὸν
305 4124 371 4191 μίνιι
389 4130 442 4177 τῶν
461 4126 582 4193 κεράτων,
601 4123 644 4174 καί
662 4122 709 4175 οὐκ
728 4122 909 4192 ἀποβάλλουσιν

195 4344 211 4396 2
230 4346 300 4399 οόδέν
317 4348 423 4414 scripsi:
442 4346 520 4399 οὐδενί
537 4346 558 4398 i)
665 4342 722 4397 οότε
742 4348 809 4412 (post
829 4344 951 4415 ἐχόντων)
967 4346 1073 4411 scripsi:
1092 4343 1148 4396 οόδέ
1166 4345 1187 4395 i>
1293 4344 1309 4396 3
1328 4341 1425 4396 ἀνωθεν
1443 4343 1551 4411 scripsi:

195 4434 225 4484 ἅν
236 4473 242 4485 .
253 4473 259 4485 .
270 4473 295 4486 ..
312 4442 395 4487 cotem
413 4434 503 4485 blattis
522 4448 625 4485 ιοιιοεο
641 4433 662 4483 l)
770 4433 787 4484 4
805 4432 984 4496 ἀπόλλυσθαι,
1003 4450 1015 4483 ι
1035 4432 1121 4484 littera
1139 4447 1243 4485 corrosa
1260 4433 1295 4483 D:
1314 4432 1444 4485 desideres
1461 4430 1552 4483 ἀναλε-

194 4519 283 4573 >ssim
302 4522 341 4574 vcl
358 4520 503 4589 ἀνηλῶσθαι
665 4520 681 4572 5
699 4520 794 4589 κέρατα
812 4517 844 4571 δι’
860 4516 918 4572 όλου
937 4521 1025 4591 στερεά
1046 4520 1138 4572 Arist:
1158 4538 1202 4590 κερ
1213 4559 1219 4571 .
1230 4558 1255 4571 ..
1270 4518 1353 4571 διόλου
1372 4519 1447 4588 στερά
1464 4522 1552 4571 cetera

195 4607 337 4659 corrosaii
478 4610 515 4677 τῷ
536 4607 629 4676 κρανίῳ
648 4608 755 4675 scripsi:
778 4613 829 4658 τῶν
848 4606 956 4675 κρανίων
974 4609 996 4659 Ι)
1138 4608 1153 4659 6
1177 4608 1288 4677 ἐχόντων
1306 4607 1412 4673 scripsi:
1431 4605 1462 4675 ίχ
1471 4638 1551 4655 .....

195 4700 279 4746 cetera
295 4695 431 4746 corrosaD
547 4694 562 4745 7
581 4694 672 4747 αίδοῖον
688 4696 794 4762 scripsi:
812 4693 866 4745 αίδο
878 4730 884 4742 .
895 4729 918 4742 ..
936 4700 1021 4747 σείετο
1039 4696 1176 4747 corrosai)
1296 4693 1313 4746 8
1336 4694 1436 4762 ἀχαίναι
1455 4693 1551 4761 scripsi

195 4798 228 4833 ex
246 4782 338 4833 Arist:
361 4780 513 4849 ἀχάλκαλίλ
622 4781 661 4833 10.
678 4781 706 4832 11
727 4780 886 4851 κεκρόφαλον
903 4784 1008 4849 scripsi:
1027 4782 1239 4852 καίκρόφαλονί)
1350 4781 1381 4833 li
1400 4780 1514 4841 ἐκτόςΙλ

197 4868 229 4921 13
251 4866 298 4919 οὐκ
317 4882 367 4919 om.
388 4868 422 4919 D:
440 4868 529 4920 addidi
