3510 5610
638 335 847 393 SOLUTIONES
866 337 912 390 ho
932 334 1113 393 onosuourt
1509 331 1549 398 67

251 507 325 571 dum
347 507 541 591 phantasiam
564 509 671 573 nobis?
705 509 839 573 diuisum
867 511 950 574 enirn
972 512 1011 574 ab
1035 515 1160 594 aspectu
1183 515 1287 573 nostro
1309 507 1500 590 hemisphae-
1518 519 1569 578 sta

252 611 333 674 rium
357 611 514 694 obliquam
537 611 725 676 limitantem
747 613 915 677 sectionem
937 613 1041 691 habet,
1065 612 1104 675 ab
1128 612 1258 676 arcturis
1281 610 1320 674 ad
1338 610 1499 674 meridiem

250 712 432 777 inclinatam
454 714 542 777 iuxta
563 715 716 778 ambitum
739 715 881 795 aetheris,
903 716 1050 798 quoniam
1071 724 1147 780 tnnc
1169 703 1272 779 totum
1294 714 1414 778 caelum
1436 734 1499 777 ree·

250 822 318 878 tum
342 822 388 879 θεῖ
411 825 442 881 θῖ
463 817 661 880 indeuexum.
705 817 866 901 utriusque
888 819 982 901 igitur
1003 819 1067 902 poli
1088 819 1239 904 positione
1265 818 1309 882 sic
1331 824 1500 901 apparente

222 925 283 983 aar
304 918 396 998 diota,
419 919 565 1002 quoniam
589 927 620 983 et
641 920 687 983 sol
702 918 863 983 zodiacum
878 921 1031 984 transiens
1047 922 1216 985 necessarie
1232 920 1402 984 secundum
1416 921 1501 986 illius
1513 935 1541 977 ω

251 1022 466 1107 obliquitatem
490 1022 586 1086 etiarn
608 1022 675 1106 ipse
698 1022 859 1105 obliquum
883 1023 957 1087 facit
979 1032 1128 1104 meatum,
1153 1024 1198 1088 ita
1220 1030 1256 1087 ut
1277 1029 1309 1087 et
1323 1023 1392 1107 plus
1408 1025 1501 1089 distet

251 1124 425 1187 borealibus
447 1125 586 1208 partibus
612 1162 653 1170 -
681 1147 717 1189 ac
745 1146 800 1209 per
826 1125 883 1189 hoc
910 1125 1005 1188 etiam
1032 1126 1140 1189 diebus
1167 1126 1372 1190 differentiam
1394 1127 1500 1192 eflicit:

250 1232 463 1289 mensuratum
487 1227 570 1290 enim
594 1229 692 1291 noctis
714 1211 808 1310 atque
831 1228 891 1291 diei
914 1229 1051 1311 spatium
1072 1234 1154 1293 totas
1176 1228 1298 1292 XXIIII
1324 1229 1414 1294 horas
1441 1230 1502 1293 col-

250 1327 331 1410 ligit3
362 1328 539 1393 differenter
566 1350 639 1393 uero
666 1330 837 1393 secundum
860 1330 1043 1414 positionem
1067 1331 1203 1394 locorum
1227 1331 1390 1415 accipitur:
1419 1331 1502 1417 apud

188 1444 237 1488 -ro
249 1431 331 1494 enirn
356 1451 432 1513 quos
454 1437 500 1495 est
522 1433 659 1495 maxima
680 1433 746 1496 dies
768 1433 912 1496 horarum
934 1433 1209 1514 aequinoctialium
1223 1432 1329 1497 XXIII
1351 1472 1391 1480 -
1415 1434 1501 1518 cqui-

249 1533 381 1597 lonalior
404 1533 476 1597 ordo
499 1535 572 1597 solis
594 1534 627 1598 in
651 1534 788 1618 quinque
811 1535 863 1599 uel
877 1556 931 1598 sex
947 1535 1012 1598 dies
1026 1556 1118 1619 super
1133 1541 1246 1600 temam
1262 1538 1377 1601 circum
1394 1537 1499 1621 polum

250 1635 375 1699 uehitur
398 1656 453 1719 per
474 1636 627 1700 aestiuum
650 1637 803 1721 tropicum
827 1627 958 1720 cyclum}
1003 1638 1117 1701 dicitnr
1143 1647 1247 1702 autem
1276 1661 1338 1703 nor
1364 1640 1409 1704 eis
1434 1639 1501 1704 fieri
1515 1655 1543 1695 oo

238 1758 348 1820 usque
369 1737 408 1800 ad
430 1760 525 1802 unam
549 1740 654 1802 horam
679 1739 760 1822 apud
784 1733 1013 1822 quoa'arcticus
1036 1747 1082 1804 θεῖ
1098 1740 1234 1805 aestiuus
1250 1743 1398 1826 tropicus3
1422 1743 1503 1807 sicut

250 1840 340 1903 iuxta
362 1839 482 1922 Thylen
504 1840 641 1905 insulam
662 1842 801 1905 scribunt
827 1863 881 1926 per
908 1842 990 1905 diem
1013 1850 1044 1905 et
1067 1843 1307 1908 noctem-selem
1328 1866 1421 1929 super
1442 1852 1502 1909 ter·

210 1958 237 2002 ιε
249 1964 317 2007 ram
340 1942 426 2006 lerri:
451 1965 502 2006 eos
524 1943 607 2006 enim
624 1944 678 2025 qui
693 1943 800 2007 dicunt
815 1950 1015 2008 semenstrem
1031 1945 1113 2008 diem
1130 1953 1314 2030 noctemque
1329 1947 1502 2031 aequalem,
1529 2002 1536 2015 .

250 2045 425 2109 autetiam
448 2044 601 2128 quaedam
624 2045 797 2109 borealium
819 2046 955 2130 partium
978 2067 1151 2130 numquam
1166 2048 1335 2113 illuminari
1351 2050 1502 2114 solaribus

250 2147 359 2226 radiis,
388 2147 560 2211 rationibus
586 2147 655 2211 aliis
678 2147 880 2212 demittimus.
925 2150 1143 2214 recurrendum
1166 2158 1271 2215 autem
1296 2152 1342 2217 ad
1365 2173 1503 2236 eaquae

250 2249 452 2335 contemplati
473 2271 597 2313 sumus:
622 2250 872 2315 extremitatibus
895 2253 992 2331 enim,
1022 2259 1057 2316 ut
1080 2259 1236 2317 ostensum
1260 2262 1319 2333 est,
1343 2254 1450 2338 gelidis
1473 2262 1504 2319 et
1519 2271 1546 2313 ro

250 2353 353 2416 media
386 2374 462 2416 zona
496 2354 644 2436 flagrante
678 2363 708 2417 et
741 2374 780 2417 ex
814 2355 996 2419 necessitate
1022 2355 1219 2419 inhabitabili
1245 2364 1406 2435 manente,
1441 2379 1504 2422 non

208 2456 363 2520 mdixerit
395 2457 464 2539 quis
500 2477 555 2540 per
587 2455 832 2538 unumquodque
864 2456 958 2520 clima
990 2464 1124 2540 quatuor
1155 2458 1246 2522 horas
1275 2460 1350 2524 anni
1379 2460 1505 2538 saluari,

251 2559 373 2624 etiarnsi
399 2567 536 2622 nostram
561 2557 766 2622 habitabilem
792 2558 959 2643 intelligat:
994 2560 1130 2644 primum
1161 2561 1245 2626 enim
1272 2571 1303 2626 et
1330 2561 1500 2627 secundum

251 2663 344 2727 clima
371 2682 426 2747 per
448 2660 572 2725 Meroen
597 2667 628 2723 et
648 2660 771 2724 Zoenen
799 2661 920 2726 ardenti
946 2662 1137 2746 proximum,
1171 2663 1251 2728 sicut
1278 2669 1310 2729 et
1335 2665 1503 2749 septimum

250 2764 379 2848 trigidae
407 2771 437 2828 et
464 2763 599 2849 gelidae,
632 2762 688 2826 tali
715 2763 877 2847 priuantur
904 2771 1038 2849 quatuor
1063 2764 1210 2830 horarum
1238 2768 1445 2853 temperentia
1472 2773 1504 2830 et

251 2872 352 2931 motu:
376 2867 429 2930 sed
449 2867 570 2951 siquis,
595 2866 719 2929 breuem
742 2865 856 2931 dixerit
871 2867 943 2955 ¹fieri
966 2877 997 2932 et
1019 2867 1102 2952 apud
1119 2889 1169 2932 eos
1184 2868 1415 2947 alienationem,
1438 2869 1502 2934 sole

208 2987 319 3036 eseam
342 2974 489 3054 operante
512 2990 547 3033 ec
571 2969 651 3051 quod
679 2968 818 3033 omnium
844 2976 987 3034 motuum
1014 2978 1045 3034 et
1071 2971 1294 3036 alienationum
1322 2994 1401 3056 quae
1428 2977 1502 3035 sunt

250 3075 331 3139 eirca
354 3081 497 3136 ornatum
519 3078 621 3135 terrae
643 3071 709 3155 ipse
731 3072 861 3135 causalis
885 3079 932 3137 est
953 3073 1123 3137 secundum
1146 3074 1312 3138 rationem:
1334 3076 1403 3160 ipsa
1418 3074 1501 3138 enim
1514 3090 1542 3133 ao

250 3177 289 3240 ab
312 3197 347 3240 ee
370 3174 512 3239 caliditas
534 3174 659 3259 propria
681 3173 806 3256 quidem
829 3159 1072 3259 contemperans,
1095 3176 1197 3240 aliena
1219 3197 1292 3240 uero
1315 3177 1499 3257 discernens

250 3285 281 3343 θῖ
303 3287 405 3343 totum
427 3299 565 3356 meusne,
589 3277 692 3339 omnia
715 3278 869 3340 transfert.
914 3278 1062 3360 quoniam
1084 3278 1190 3362 itaque
1213 3283 1372 3344 ostensum
1394 3287 1440 3344 est
1453 3302 1500 3345 so·

249 3382 310 3446 lem
334 3381 448 3445 distare
471 3402 489 3443 a
511 3380 580 3463 polo
606 3379 775 3443 borealium
797 3380 948 3462 partium,
977 3379 1132 3463 colligitur
1159 3381 1284 3445 omnino
1313 3388 1344 3446 et
1370 3383 1502 3467 frigidis·

208 3487 364 3550 cesimum
388 3505 451 3547 esse
475 3481 557 3566 quod
579 3481 756 3545 continetur
777 3480 810 3543 in
834 3482 907 3566 ipsis
929 3483 1014 3560 loric,
1037 3489 1074 3546 ut
1096 3484 1250 3567 congelari
1266 3505 1337 3548 aera
1354 3492 1385 3549 et
1401 3507 1502 3569 neque

250 3609 363 3673 aquam
386 3585 559 3671 pluuialem
582 3583 766 3647 descendere
788 3604 889 3667 neque
911 3584 1055 3668 spiritum
1078 3586 1159 3648 fieri:
1183 3587 1295 3670 frigore
1310 3588 1393 3652 enim
1410 3587 1501 3652 ualde

250 3712 321 3754 aera
355 3690 557 3764 incrassante,
595 3687 661 3750 sine
694 3687 769 3749 ilatu
805 3693 836 3749 et
868 3707 993 3749 serenus
1027 3708 1079 3750 aer
1112 3688 1244 3752 efficitur
1277 3696 1308 3755 et
1340 3691 1500 3773 congelata

248 3792 425 3876 pluuiarum
449 3788 649 3854 multitudine
672 3789 704 3852 in
727 3788 850 3852 silentio
874 3788 1009 3852 defertur
1035 3789 1099 3853 nix.
1145 3797 1175 3854 et
1200 3790 1258 3855 hoc
1286 3793 1540 3878 accipiendumao

250 3902 296 3958 ost
319 3917 356 3958 ex
379 3894 476 3956 Pouto
500 3899 531 3957 et
553 3891 622 3954 aliis
645 3890 720 3955 locis
742 3891 775 3954 in
798 3892 911 3975 quibus
933 3899 1007 3955 sunt
1028 3891 1167 3975 regiones
1193 3893 1329 3975 frigidae.
1373 3904 1500 3981 propter

207 4014 235 4059 ae
249 3999 334 4067 enim
360 3995 553 4060 nimietatem
579 3993 743 4075 rigiditatis
768 3993 895 4077 spiritus
922 3994 1048 4078 quidem
1074 3993 1176 4058 hieme
1204 4017 1265 4059 non
1292 3998 1371 4062 fiunt
1399 4021 1499 4084 neque

198 4237 230 4291 15
248 4237 281 4290 el.
300 4235 385 4300 Blera,
403 4232 434 4286 de
454 4232 563 4286 Gemino
583 4235 609 4284 et
627 4230 767 4285 Posidonio
786 4249 811 4301 p.
822 4233 887 4286 2ln.

198 4443 474 4561 lhemiaphaeriumG
571 4494 766 4562 8spaeiumG
867 4494 898 4546 16
917 4509 1050 4563 nunquam
1071 4495 1107 4546 0²
1201 4498 1231 4549 17
1247 4495 1363 4551 ‘scribam
1381 4499 1550 4554 dimittimus:

195 4579 281 4638 ἄλλοις
297 4579 378 4649 λόγοις
395 4578 508 4649 ἀφῖιμεν,
526 4582 592 4645 quod
608 4580 763 4632 Posidonium
782 4581 875 4647 sapie’.
903 4583 1019 4632 Daebner
1130 4583 1163 4635 20
1188 4604 1278 4653 gruere
1297 4588 1356 4645 l'ort.
1375 4585 1422 4638 aba
1441 4587 1471 4640 ἂν
1490 4588 1550 4658 φαίη

195 4685 235 4726 τις
253 4665 315 4720 καθ’
330 4667 358 4719 ἓν
377 4666 482 4720 ἕκαστον
500 4665 579 4735 κλίμα
595 4671 640 4727 τὰς
658 4673 777 4742 τέτταρας
795 4669 862 4738 ὥρας
874 4668 1004 4738 σῴζεσθαι,
1023 4668 1070 4722 κᾶν
1088 4670 1110 4722 εἰ
1127 4669 1174 4740 ’τὴν
1191 4672 1313 4744 ἡμετέραν
1331 4673 1482 4744 οἰκουμένην
1500 4682 1555 4727 νοοῖ

200 4755 231 4808 21
254 4759 281 4808 et
300 4774 345 4806 om.
366 4756 400 4807 0¹
497 4755 538 4817 2³4,
550 4775 640 4822 graece
652 4761 717 4825 sort.
736 4757 793 4810 ἀλλ’
815 4757 898 4822 εἴτις,
918 4758 1034 4829 βραχεῖαν
1052 4759 1113 4828 φαίη
1132 4758 1162 4810 ἂν
1179 4758 1288 4828 γίνεσθαι
1305 4761 1349 4813 καὶ
1366 4762 1413 4832 τὴν
1430 4762 1491 4835 παρ’
1510 4761 1554 4814 ab·

195 4850 247 4901 τοῖς
265 4842 384 4912 ἀλλαγὴν·
481 4842 516 4894 30
542 4838 620 4911 ipsis]
641 4846 706 4911 pais
727 4846 763 4896 0²
780 4847 805 4896 in
824 4846 871 4897 lia:
889 4845 942 4898 illis
960 4845 992 4895 H
1093 4850 1123 4899 ut
1141 4847 1282 4916 congelarI]
1301 4849 1318 4900 i.
1329 4867 1350 4901 e.
1368 4847 1434 4901 ὥστε
1453 4851 1552 4921 συμπη-

197 4928 301 5003 ηνθσθαι
407 4930 441 4983 34
456 4942 512 5002 post
530 4936 570 4984 est
585 4943 697 5000 punctum
717 4934 740 4984 G

1305 5023 1350 5090 ὁ*
1372 5092 1381 5114 .
