3510 5610
199 330 240 395 36
393 330 642 385 ARISTOPHANIS
660 327 843 383 HISTORIAE
862 328 1056 384 ANIMALIUM
1075 329 1222 384 EPITOissi
1240 330 1265 384 11
1285 329 1361 384 1-8

253 501 329 564 κύειν
351 503 467 567 δύναται
490 507 592 587 μῆνας,
614 502 680 586 περί
693 526 724 565 τε
746 507 798 587 τῆς
819 501 957 572 ἐκτέξεως
979 486 1052 565 ποῖα
1071 503 1119 566 καί
1139 502 1217 566 πόσα
1239 503 1375 587 ὑπομένει
1395 503 1499 566 τίκτειν

254 603 361 689 βρέφη·
390 605 437 668 ἐπὶ
460 609 531 670 πᾶσι
553 606 585 669 δέ
607 605 649 674 τίς
672 605 687 667 δ
711 605 771 690 βίος
793 607 844 667 τοῦ
857 605 1078 689 ’προγραφέντος
1101 601 1180 690 ζῴου
1203 607 1251 670 καί
1266 609 1348 670 ποῖον
1370 607 1404 669 τδ
1426 603 1501 689 ἦδος

254 709 302 770 καὶ
324 707 401 772 πόσα
423 708 538 771 δύναται
561 711 613 792 ζῆν
636 705 697 790 ἔτη.
741 711 825 770 τοῦτο
848 707 880 770 δὲ
902 707 1077 792 ἐπειράσδην
1100 713 1232 793 ποιῆσαι,
1259 710 1306 773 ἱνα
1333 709 1374 792 μὴ
1401 709 1500 791 διηρη·

255 809 341 894 μένην
365 811 394 874 έν
417 813 535 879 πολλοῖς
557 810 609 893 τὴν
633 811 689 874 ύπδ
700 806 920 894 Ἀριστοτέλους
940 811 1005 894 περὶ
1021 807 1106 896 ζῴων
1122 810 1315 894 πραγματείαν
1331 809 1498 894 ἐπιπυρεύη,

225 913 431 998 εσυνηγμένην
454 914 486 977 δὲ
508 914 582 997 δμοδ
606 917 701 977 πᾶσαν
723 914 775 997 τὴν
798 909 845 998 ἐφ’
867 913 908 976 ἑνὶ
931 913 1046 997 έκιίστῳ
1070 909 1141 999 ζῴῳ
1164 913 1290 997 ἱστορίαν
1313 911 1396 997 ἔχης.

336 1016 386 1099 (9)
411 1013 496 1080 Ἐπεί
518 1013 567 1079 οὖν
584 1016 602 1079 ἃ
619 1017 670 1099 μὲν
692 1022 750 1079 τῶν
774 1015 859 1101 ζῳων
882 1019 1032 1099 ζῳοτοκεῖ,
1055 1016 1120 1078 ἃδέ
1142 1011 1276 1101 ᾠοτοκεῖ,
1298 1014 1365 1078 ἃδέ
1387 1018 1498 1098 σκωλη·

251 1122 376 1196 κοτοκεῖ,
399 1120 571 1204 πειράσομαι
594 1119 645 1202 μὲν
668 1119 698 1181 ἐν
720 1118 813 1203 τούτῳ
835 1119 900 1202 περὶ
916 1116 1011 1200 μόνων
1028 1123 1084 1181 τῶν
1101 1119 1322 1202 ζῳοτοκούντων
1344 1120 1392 1182 τόν
1414 1116 1499 1200 λόγον

251 1222 445 1306 ποιήσασθαι,
468 1221 624 1305 ἀρξάμενος
647 1223 705 1284 ἀπδ
730 1226 785 1284 τῶν
808 1223 1002 1306 πολυσχιδῶν,
1025 1221 1178 1306 ἐχομένωςΙ
1197 1221 1229 1285 δὲ
1251 1221 1317 1306 περί
1337 1225 1395 1284 τῶν
1418 1222 1498 1305 διχη·

251 1327 321 1399 λῶν,
343 1324 406 1388 εἶτα
427 1325 492 1410 περί
513 1327 571 1387 τῶν
594 1323 750 1409 μωνύχων,
773 1325 820 1387 ἐπὶ
843 1328 913 1387 πᾶσι
934 1325 967 1386 δὲ
989 1326 1114 1407 δηλώσω
1136 1324 1185 1387 καί
1202 1325 1267 1409 περί
1288 1327 1346 1387 τῶν
1369 1326 1499 1408 σελαχω-

212 1441 238 1485 10
252 1428 310 1490 δῶν
341 1425 503 1509 λεγομένων
533 1426 663 1511 ἰχὶλύων,
691 1426 792 1510 ἐπειδὴ
822 1428 870 1489 καί
900 1426 982 1490 αὐτοὶ
1010 1429 1127 1491 δοκοῦσι
1156 1430 1326 1512 ζῳοτοκεῖν,
1357 1424 1420 1489 ἀλλ’
1446 1424 1499 1488 οὐκ

251 1525 400 1614 ᾠοτοκεῖν.
501 1528 551 1612 (3)
579 1531 609 1593 ἐν
635 1530 668 1593 δὲ
694 1534 756 1599 ταῖς
782 1530 938 1616 ἐχομέναις
964 1529 1054 1613 ταύτῃ
1083 1531 1146 1593 δυσὶ
1175 1529 1321 1599 συντάξεσι
1348 1529 1413 1612 περὶ
1439 1533 1498 1589 τῶν

199 1664 201 1669 ·
250 1629 454 1716 ῳοτοκούντων
482 1633 652 1715 ὁμοιοειδῶς
679 1632 789 1701 τούτοις
815 1633 862 1696 τόν
890 1631 973 1714 λόγον
1002 1634 1174 1716 ποιήσομαι,
1201 1632 1252 1716 τὴν
1278 1632 1373 1716 ἀρχὴν
1400 1631 1498 1716 λαβὼν

250 1735 308 1798 ἀπὸ
335 1740 392 1797 τῶν
419 1734 559 1819 ἐνύδρων,
587 1736 619 1798 τὸ
646 1735 678 1798 δὲ
702 1733 794 1819 [περὶ]
822 1739 879 1798 τῶν
907 1734 1203 1819 σκωληκοτοκούντων
1230 1734 1306 1804 εἶδος
1332 1738 1372 1803 ὡς
1393 1733 1498 1797 λεπτόν

120 1901 124 1908 ,
252 1839 299 1902 καί
322 1839 444 1908 ἀσθενὲς
465 1839 513 1901 καὶ
536 1837 589 1901 οόκ
611 1837 688 1906 ἄξιον
712 1837 836 1922 ἱστορίας
857 1841 1081 1924 παραιτήσομαι.

210 1956 236 2000 15
333 1940 383 2024 (4)
411 1938 531 2023 Ἐπειδὴ
555 1941 587 2003 δὲ
610 1941 625 2003 ύ
647 1938 802 2023 ἅνθρωπος
828 1939 1024 2026 περιττότερος
1049 1946 1105 2005 τῶν
1133 1940 1229 2006 ἄλλων
1257 1941 1342 2026 ζῳων
1372 1940 1498 2024 ὑπάρχει

249 2046 297 2107 καὶ
319 2042 380 2107 ἔστι
402 2045 590 2128 πολυσχιδής,
614 2042 732 2126 ἀρκτέον
754 2043 813 2105 ἀπδ
835 2043 948 2108 τούτου.
1034 2043 1085 2127 (5)
1113 2046 1128 2107 ό
1152 2045 1204 2126 μὲν
1226 2042 1276 2107 οὖν
1294 2041 1498 2127 Ἀριστοτέλης

249 2148 332 2232 χάριν
355 2150 406 2210 τοῦ
429 2147 518 2231 μηδὲν
540 2146 667 2229 παριδεῖν
691 2145 737 2208 ἐπὶ
754 2147 828 2210 πολὺ
845 2149 910 2232 περὶ
925 2148 1027 2210 τούτου
1043 2147 1073 2209 ἐν
1089 2152 1131 2233 τῷ
1155 2149 1263 2231 πρώτῳ
1282 2150 1339 2209 τῶν
1352 2142 1496 2228 Ἱστοριῶν

251 2250 437 2332 έκλελοὶληκε,
461 2253 574 2333 πρῶτον
598 2248 650 2330 μὲν
672 2249 852 2332 διαιρῶνέἰς
873 2249 908 2312 τὰ
930 2250 1142 2332 ἀξιολογώτατα
1165 2250 1239 2333 μέρη
1262 2250 1310 2311 τδν
1333 2247 1497 2331 ἄνδρωπον,

250 2353 312 2416 εἰτα
340 2357 429 2416 ταῦτα
456 2352 567 2436 τέμνων
596 2352 637 2421 εἰς
664 2350 764 2435 μόρια,
793 2351 853 2414 οἷον
881 2353 988 2422 οὕτως·
1022 2354 1134 2438 κεφαλή
1163 2353 1223 2415 ἐστι
1253 2350 1257 2438 ἰ
1287 2353 1319 2415 τό
1346 2352 1394 2414 ἐπὶ
1419 2354 1464 2434 τῷ
1476 2364 1550 2408 aas&

209 2472 237 2516 ‘ic
250 2454 352 2540 αὐχένι
373 2455 561 2539 ἐπικείμενον,
586 2452 672 2539 μύρια
693 2454 726 2516 δὲ
743 2453 847 2537 ταύτης
869 2454 990 2539 βρέγμα,
1012 2457 1135 2540 κορυφή,
1159 2456 1226 2518 ἰνίον
1248 2455 1297 2518 καί
1317 2451 1422 2516 τᾶλλα·
1449 2455 1497 2516 καί

249 2557 404 2642 πρόσωπόν
427 2558 488 2622 ἐστι
510 2559 542 2620 τδ
566 2557 622 2620 ὑπὸ
644 2557 677 2619 τδ
700 2556 811 2641 κρανίον
835 2557 1034 2641 ὑποκείμενον,
1064 2559 1137 2643 μέρη
1164 2558 1197 2620 δὲ
1222 2557 1311 2620 αὐτοῦ
1339 2556 1395 2640 ῥίς,
1424 2556 1495 2635 ὦτα,

251 2659 381 2742 σταγόνες
402 2660 450 2722 καὶ
472 2659 508 2722 τὰ
531 2658 614 2722 ἄλλα.
652 2659 700 2720 τδν
723 2656 809 2720 αὐτὸν
831 2659 990 2744 δὲτρόπον
1013 2662 1061 2724 καί
1075 2661 1122 2727 ἐπὶ
1145 2666 1202 2723 τῶν
1225 2662 1333 2722 λοιπῶν
1355 2659 1497 2743 πεποίηκε

248 2761 353 2824 καὶτὰ
376 2762 451 2845 μέλη
473 2762 514 2829 εἰς
537 2762 611 2847 μέρη
631 2762 743 2845 τέμνων
767 2761 960 2824 ὑποδεικνύειν
981 2767 1122 2847 πειρᾶται.
1212 2762 1262 2847 (6)
1290 2760 1359 2825 όδεν
1381 2762 1440 2843 ἐγὼ
1463 2762 1495 2823 τδ

250 2865 301 2949 μέν
323 2866 365 2933 εἰς
386 2865 422 2927 τὰ
443 2863 641 2947 γινωσκόμενα
662 2868 733 2928 πᾶσι
756 2862 843 2948 μύρια
864 2868 921 2927 τῶν
944 2866 1108 2951 ἀνθρώπων
1131 2868 1247 2950 διαιρεῖν
1272 2866 1319 2928 καὶ
1341 2864 1374 2927 τδ
1397 2863 1496 2947 όμοιον

209 2966 439 3051 κτἈριστοτέλει
454 2973 543 3030 ποιεῖν
560 2968 695 3051 περισσδν
717 2967 843 3050 ἥγημαι·
870 2967 906 3029 τὰ
927 2968 959 3030 δὲ
976 2969 1053 3037 ἰδίως
1069 2966 1273 3054 συμβεβηκότα
1288 2971 1330 3052 τῷ
1347 2966 1496 3052 ἀνθρώπῳ

249 3073 297 3135 καί
319 3071 354 3134 τὰ
376 3069 450 3133 ἄλλα
468 3069 524 3134 όσα
538 3070 663 3155 ἱστορίας
685 3068 750 3137 ἄξιοί
763 3069 850 3146 ἐστιν,
872 3070 1001 3134 ἐκπίπτει
1018 3071 1050 3133 δὲ
1066 3070 1131 3140 τοὺς
1146 3070 1279 3148 πολλούς,
1303 3070 1496 3134 ὑποδεικνύειν

251 3175 433 3259 πειράσομαι.
1019 3231 1024 3240 .

332 3277 383 3361 (i)
409 3273 507 3340 Ἔστιν
538 3275 587 3340 οὖν
618 3278 633 3340 δ
664 3270 818 3360 ἄνθρωπος
847 3275 1011 3361 ἀμφόδους,
1041 3277 1219 3361 πολυσχιδὴς
1248 3276 1296 3340 καί
1324 3274 1410 3359 μόνος
1438 3281 1496 3339 τῶν
1528 3302 1533 3311 ·

248 3379 372 3444 διπόδων
400 3383 563 3465 ζῳοτοκῶν.
649 3378 700 3461 (8)
729 3376 792 3463 ἔχει
819 3378 851 3441 δὲ
877 3379 893 3440 ὁ
922 3380 973 3462 μὲν
999 3379 1089 3465 ἄρρην
1114 3380 1162 3442 ἐπὶ
1185 3383 1237 3442 τοῦ
1263 3380 1379 3463 κρανίου
1403 3379 1497 3463 ῥαφὰς

507 3544 596 3551 *-

200 3636 230 3687 1’ί
250 3635 327 3706 μηδὲν
345 3634 463 3707 παριδεῖν]
484 3636 565 3689 Arist.
578 3637 638 3689 hist.
651 3636 730 3688 anim.
744 3633 793 3688 Αύ
812 3652 837 3704 p.
848 3635 956 3689 491224
980 3634 1061 3689 ἕνεκεν
1078 3641 1123 3688 τοῦ
1141 3637 1178 3707 μὴ
1197 3635 1341 3706 παραλιπεῖν
1455 3633 1550 3704 πρόιτῳ

195 3730 247 3776 τῶν
265 3721 399 3793 Ἱστοριῶν]
421 3725 502 3776 Arist.
516 3725 576 3777 hist.
589 3725 668 3776 anim.
682 3722 704 3777 Α
718 3723 808 3776 6-17
829 3740 855 3792 p.
868 3723 1111 3776 491224-497b2
1280 3723 1309 3775 19
1335 3720 1445 3792 κεφαλή]
1469 3722 1550 3774 Arist.

197 3812 213 3864 l.
227 3809 312 3864 ciii
334 3828 359 3880 p.
372 3809 480 3864 491230
503 3811 615 3882 κεφαλῆς
639 3813 684 3880 μὲν
709 3810 751 3863 οὖν
775 3812 838 3881 μέρη
864 3811 893 3864 τὸ
918 3812 962 3880 μὲν
985 3811 1107 3882 τριχωτὸν
1131 3811 1230 3882 κρανίον
1254 3810 1373 3864 καλεῖται.
1408 3807 1499 3862 τούτου
1523 3807 1549 3862 δί

196 3901 260 3969 μέρη
278 3899 308 3952 τό
321 3900 365 3968 μέν
384 3896 500 3969 πρόσδιον
514 3898 617 3970 βρέγμα,
635 3898 789 3969 ἱνστερογενές
807 3896 956 3962 (τελευταῖον
974 3900 1020 3969 γὰρ
1034 3906 1086 3952 τῶν
1098 3901 1124 3954 ἰν
1136 3903 1174 3969 τῳ
1192 3899 1291 3968 σώματι
1308 3899 1429 3968 πήγνυται
1448 3896 1550 3961 ὀστῶν),

195 3987 225 4039 τό
245 3987 264 4038 δ’
280 3985 380 4040 ύπισδεν
404 3987 475 4051 ἰνίον,
498 3988 573 4056 μέσον
592 3981 615 4039 ’δ’
631 3987 691 4039 ἰνίου
715 3988 759 4039 καί
782 3985 919 4056 βρέγμστος
940 3987 1038 4057 κορυφή
1180 3985 1210 4038 91
1237 3986 1369 4057 πρόσωπόν
1387 3984 1449 4054 ἐστι]
1469 3986 1550 4037 Arist.

197 4075 213 4127 l.
227 4091 249 4128 c.
264 4072 314 4127 λβ
334 4090 360 4141 p.
372 4073 464 4128 491129
487 4074 517 4127 τὸ
538 4073 557 4127 δ’
573 4073 622 4127 inc
643 4074 672 4127 τὸ
692 4074 792 4144 κρανίον
813 4073 959 4142 ὀνομάζεται
980 4074 1113 4145 πρόσωπον
1136 4074 1176 4127 έπί
1199 4074 1275 4143 μόνου
1295 4081 1348 4127 τῶν
1371 4073 1454 4126 ἀλλων
1477 4073 1550 4143 ζῴων

187 4141 330 4234 δουροιω
348 4162 382 4214 ει.
535 4161 569 4213 νε
591 4160 727 4232 ιμφωιος]
750 4159 982 4214 Arist.l.c.1317
1002 4160 1149 4229 p.5071115
1170 4162 1203 4214 ιι
1221 4160 1240 4214 ι’
1256 4161 1408 4233 ιμφωωιι
1424 4196 1431 4210 .
1450 4195 1456 4210 .
1475 4195 1481 4210 .
1499 4159 1550 4213 εον

196 4249 340 4319 ἅνθρωπος,
358 4247 399 4315 ὗς,
417 4248 501 4314 κύων,
519 4249 622 4321 ἄρκτος,
640 4249 714 4314 λέων,
732 4247 815 4307 λύκος.
842 4249 875 4301 cs.
893 4265 971 4318 supra
989 4265 1015 4317 p.
1029 4248 1092 4314 9,13
1216 4247 1377 4319 πολυσχιδὴς]
1396 4248 1478 4302 Arist.
1495 4248 1548 4301 1ο.

196 4334 241 4389 Bl
263 4354 289 4405 p.
298 4336 389 4389 4991>ss
407 4343 459 4389 τῶν
476 4337 502 4390 δέ
520 4336 678 4409 τετραπόδων
697 4338 740 4389 καί
755 4337 861 4405 ἐναίμων
879 4337 923 4389 καὶ
937 4336 1072 4406 ζῳοτόκων
1088 4337 1120 4388 τὰ
1132 4338 1177 4405 μέν
1191 4338 1241 4389 ἐστι
1259 4335 1404 4406 πολυσχιδῆ,
1422 4335 1505 4408 ὥσπερ
1524 4336 1550 4388 αἱ

195 4430 239 4477 τοῦ
252 4422 386 4494 ἀνθρώπου
399 4431 478 4495 χεῖρες
494 4427 538 4477 καί
555 4425 577 4477 οἱ
594 4424 666 4483 πόδες
682 4425 715 4477 ελ
797 4423 839 4476 98.
852 4423 885 4476 99
905 4423 978 4493 μόνος
990 4431 1042 4477 τῶν
1055 4424 1171 4490 διπόδων]
1185 4425 1265 4476 Arist.
1279 4424 1295 4476 1.
1306 4441 1328 4476 c.
1342 4420 1386 4476 El
1405 4441 1430 4492 p.
1440 4423 1549 4476 539214

198 4512 312 4582 ζῳοτύκα
330 4510 349 4564 δ’
365 4512 417 4565 έστί
433 4520 485 4566 τῶν
503 4513 663 4585 τετραπόδων
681 4513 741 4578 ένια,
760 4512 804 4564 καί
821 4510 953 4583 ἅνὶἱρωπος
970 4518 1022 4565 τῶν
1040 4510 1148 4565 διπόδων
1165 4513 1241 4582 μόνον
1332 4511 1365 4564 99
1384 4509 1448 4581 ἔχει]
1468 4511 1549 4565 Arist.

196 4735 212 4787 8
237 4734 393 4804 πολυσχιδῶν
411 4736 515 4803 scripsi:
540 4735 700 4806 πολυσχεδιίιν
717 4736 749 4788 D.
786 4734 939 4806 πολυσχτδὴς
958 4739 1107 4789 constanter
1126 4736 1232 4789 exhibet
1250 4736 1272 4787 D
1293 4735 1326 4787 cf.
1345 4752 1370 4803 p.
1386 4735 1449 4801 1,18

199 4824 228 4875 11
254 4822 333 4893 τούτη
352 4823 457 4891 scripsi:
482 4822 621 4883 ταύταιςΙ)
760 4824 791 4877 13
816 4825 870 4894 περὶ
889 4823 1025 4876 delendum
1044 4829 1107 4892 puio
1248 4822 1278 4874 17
1299 4821 1422 4893 Ἱστοριῶν
1441 4825 1548 4892 scripsi:

196 4911 330 4982 μορίωνὶ)
449 4910 484 4963 90
506 4911 565 4964 ἰνίον
583 4912 687 4979 scripsi:
711 4911 818 4982 ηνίον1)
936 4910 966 4963 91
992 4911 1153 4981 ὑποκείμενον
1172 4911 1277 4979 scripsi:
1302 4911 1495 4981 έπικείμενονὶ)
