3510 5610
635 260 845 375 sonuhrorrs
864 314 912 372 no
931 311 1111 373 cuosaorn
1186 276 1191 287 ’
1508 311 1555 397 63,

249 492 441 576 lioribusque
463 491 694 578 operationibus
714 497 746 556 et
760 492 929 557 uirtutibus
944 492 1113 570 cumulata,
1136 491 1331 576 praeclarum
1345 490 1499 574 quomodo
1517 503 1568 562 566

249 615 304 679 per
326 615 359 660 se
381 597 482 682 ipsam
507 596 589 659 iacta
618 600 649 658 et
676 595 802 659 anullo
831 595 1036 681 corporalium
1061 594 1245 679 perturbata
1270 593 1499 677 contemplatur

250 718 326 782 pure
349 704 381 763 et
402 719 475 782 prae
499 697 594 762 oculis
616 697 691 760 facit
713 698 863 763 futurum.
908 697 991 762 unde
1012 701 1045 761 et
1066 695 1196 780 prouida
1218 717 1273 780 per
1294 717 1418 760 somnos
1440 703 1499 759 est:

250 819 313 863 non
335 807 441 865 autem
456 801 514 864 hoc
537 801 633 878 fieret,
657 799 716 863 nisi
739 800 834 864 etiam
857 823 929 865 cum
952 820 1077 885 corpore
1099 820 1197 863 unum
1219 805 1299 863 esset
1320 799 1447 877 animal,
1471 804 1502 862 et

223 905 316 968 asine
339 923 464 989 corpore
487 924 583 966 unum
607 901 753 985 quiddam
777 908 857 966 esset
879 903 994 967 anima.
1038 902 1139 966 saluat
1154 901 1282 985 quidem
1296 923 1385 965 suam
1400 922 1500 966 esson-
1514 917 1542 959 so

250 1006 338 1086 tiam,
360 1008 450 1071 unita
471 1025 544 1071 uero
568 1006 697 1094 corpori,
721 1010 752 1069 et
774 1013 996 1089 consequenter
1017 1010 1175 1089 separata,
1199 1004 1237 1068 ad
1260 1004 1435 1068 naturalem
1457 1005 1501 1068 sic

250 1108 405 1173 unitatem
427 1104 684 1173 constituendam.
728 1108 755 1170 si
777 1113 883 1171 autem
905 1129 960 1193 per
985 1128 1108 1171 somnos
1134 1107 1233 1190 rigida
1259 1107 1400 1170 membra
1424 1106 1500 1189 tegi·

251 1232 320 1274 mus
342 1219 373 1276 et
395 1210 526 1293 digitum
547 1210 737 1293 stringimus,
760 1209 938 1293 abstrahere
959 1209 1094 1293 quodam
1114 1211 1244 1274 anulum
1260 1210 1394 1287 uolente,
1418 1209 1501 1273 uelo-

251 1334 320 1377 oem
347 1319 467 1398 oportet
492 1334 548 1398 per
572 1313 629 1377 hoc
655 1313 799 1377 arbitrari
826 1310 865 1375 ad
887 1313 974 1376 illam
1000 1319 1122 1397 partem
1155 1332 1336 1377 consensum
1364 1312 1499 1381 animae:

212 1431 240 1476 ro
252 1418 343 1502 plaga
365 1417 448 1480 enim
471 1422 527 1480 aut
548 1417 681 1479 clamore
703 1415 874 1491 insultante
896 1415 995 1481 insilit
1017 1421 1083 1480 tota
1106 1414 1224 1500 corpori
1248 1420 1278 1478 et
1300 1414 1402 1478 induit
1423 1414 1500 1477 illud

251 1519 357 1604 pulcre
380 1519 505 1603 propria
524 1519 653 1597 uirtute,
676 1518 784 1582 relicto
806 1538 842 1582 eo
864 1517 947 1602 quod
969 1538 1103 1601 paruum
1126 1525 1181 1595 est,
1204 1521 1236 1581 et
1259 1516 1421 1601 perillam
1436 1537 1501 1580 mo-

251 1630 343 1686 uetur
364 1629 484 1706 partem
506 1621 658 1685 naturalis
681 1626 712 1685 et
733 1626 800 1685 tota
823 1619 991 1704 operando,
1019 1621 1106 1704 quasi
1134 1641 1197 1684 non
1224 1619 1339 1703 partita
1364 1618 1397 1681 in
1423 1617 1542 1701 ipso‚oo

251 1730 282 1788 et
297 1724 419 1808 partitis
434 1722 618 1807 quibusdam
634 1723 883 1787 distinctionibus
898 1723 994 1786 totius
1009 1724 1135 1787 uirtutis
1150 1723 1259 1786 utitur.
1301 1720 1415 1785 dormit
1431 1742 1500 1804 orgo

137 1864 151 1887 .
250 1827 394 1891 uniuerso
418 1825 547 1910 corpori,
571 1830 602 1888 et
624 1826 719 1909 digito
740 1825 912 1909 uigilet-ad
935 1831 1114 1908 tangentem
1131 1831 1162 1890 et
1176 1824 1338 1889 adtrahere
1352 1824 1501 1888 testinan-

210 1944 237 1990 ιδ
250 1937 327 2007 tem,
346 1950 443 2013 eoque
465 1927 574 1992 timide
596 1933 743 2011 tangente
763 1928 802 1992 ad
817 1929 905 1992 illam
921 1926 1041 2013 partem
1057 1928 1209 2011 uigilauit.
1254 1926 1281 1990 si
1294 1925 1389 2009 igitur
1403 1946 1501 2009 segre-

250 2039 488 2116 gaturcorpore
511 2029 694 2109 insomnis,
723 2030 816 2114 digna
842 2030 908 2095 fieri
934 2036 1036 2114 potest
1062 2030 1118 2095 deo
1142 2029 1243 2093 missis
1265 2028 1438 2093 uisionibus
1460 2066 1500 2074 -

251 2140 282 2198 et
303 2133 445 2218 nunquid
471 2133 528 2196 hoc
554 2131 679 2197 uidetur
700 2133 862 2197 Aristoteli
888 2139 920 2196 et
947 2131 1132 2216 quibusdam
1159 2154 1196 2196 er
1223 2131 1306 2195 illius
1333 2131 1437 2195 schola
1459 2168 1500 2177 -

251 2247 283 2302 et
306 2258 324 2300 a
346 2237 402 2301 deo
424 2235 533 2299 missas
556 2235 750 2318 operationes
773 2242 804 2298 et
826 2236 958 2299 uirtutes
981 2235 1102 2319 accipit,
1126 2255 1203 2317 quas
1224 2233 1331 2318 pulcre
1353 2233 1447 2298 habet
1469 2241 1500 2299 et

249 2339 341 2403 facile
367 2338 536 2403 commixta
562 2336 835 2401 intellectualibus,
880 2337 962 2401 unde
990 2342 1021 2401 et
1042 2337 1108 2401 sine
1130 2337 1246 2402 somnis
1269 2336 1373 2400 anima
1396 2357 1500 2422 corpo·
1514 2353 1542 2396 ro

208 2457 236 2502 ao
250 2443 366 2507 ralibus
388 2447 518 2527 purgata
540 2438 767 2504 intellectuales
789 2439 883 2503 habet
905 2441 1095 2525 receptiones
1111 2447 1143 2504 et
1158 2461 1229 2504 cum
1244 2438 1351 2503 diuina
1366 2440 1502 2522 quadam

250 2530 614 2630 'operatione'praeuidet
635 2542 784 2608 futurum.
904 2534 907 2541 ’

785 2868 880 2934 CAP.
905 2868 963 2933 IV.

764 3021 886 3085 litatae
906 3023 993 3086 deest.

333 3217 373 3281 Et
394 3216 452 3280 hoc
474 3221 580 3279 autem
603 3212 850 3290 deliberandum,
878 3232 973 3295 quaro
995 3233 1051 3296 per
1071 3214 1316 3299 unumquodque
1339 3215 1501 3280 climatum

208 3321 313 3385 assint
335 3319 396 3382 1111
420 3317 636 3382 conuersiones
657 3316 766 3381 solaris
787 3314 876 3394 anni,
905 3315 1040 3378 uernalis
1062 3325 1094 3380 et
1116 3318 1235 3381 aestiua
1256 3325 1289 3381 et
1311 3319 1501 3382 autumnalis

251 3428 283 3486 et
304 3421 460 3485 hiemalis:
490 3420 589 3483 ethis
611 3418 643 3481 in
666 3439 730 3481 una
752 3416 949 3481 distinctione
970 3419 1118 3502 temporis
1140 3419 1242 3497 factis,
1265 3419 1327 3483 diei
1350 3428 1381 3484 et
1403 3421 1501 3485 noctis
1557 3451 1562 3460 ·

251 3523 431 3607 magnitudo
460 3530 491 3586 et
515 3522 650 3586 breuitas
673 3529 704 3583 et
726 3519 805 3583 aeris
827 3520 1076 3603 perturbationes
1103 3528 1135 3584 et
1155 3521 1281 3585 nimbus
1308 3528 1339 3586 et
1361 3523 1502 3586 caliditas

252 3634 285 3691 et
311 3625 461 3709 frigiditas
495 3646 549 3708 por
574 3642 829 3704 unumquemque
856 3621 959 3685 locum
987 3632 1019 3686 et
1046 3623 1139 3686 clima
1165 3623 1268 3687 dillcrt
1294 3631 1325 3688 et
1351 3626 1500 3689 uariatur.

251 3730 355 3816 plures
377 3728 461 3792 enim
483 3726 609 3811 pluuiae
632 3747 685 3811 per
708 3725 816 3789 boreas
838 3730 941 3808 partes
963 3725 995 3788 in
1019 3725 1121 3788 bieme
1144 3726 1237 3804 liunt,
1260 3727 1292 3790 in
1315 3728 1518 3796 australibus,

211 3849 239 3893 ao
253 3854 327 3910 uero
348 3830 488 3915 partibus
510 3829 544 3892 in
565 3826 692 3892 aestate.
737 3832 784 3889 est
806 3832 910 3890 autem
934 3827 1019 3890 etin
1041 3849 1103 3891 una
1125 3828 1248 3910 regione
1276 3834 1331 3892 aut
1357 3829 1423 3893 loco
1450 3851 1499 3894 co·
1513 3847 1542 3888 ro

251 3933 475 4020 gnoscendum,
504 3931 557 3995 ubi
584 3928 757 3993 altitudinis
785 3928 909 4011 quidem
932 3938 987 3992 aut
1010 3931 1229 4013 profunditatis
1252 3937 1307 3994 aut
1329 3933 1426 3995 austri
1448 3942 1503 3996 aut

251 4037 405 4122 aquilonis
421 4035 540 4098 nullam
555 4032 650 4097 habet
665 4030 879 4110 differentiam,
896 4030 975 4094 aeris
991 4053 1062 4097 uero
1078 4032 1327 4117 perturbationes
1342 4041 1375 4097 et
1388 4033 1503 4099 imbres

199 4274 230 4327 16
258 4273 291 4326 ct.
310 4274 419 4325 Aristot.
437 4270 561 4324 463o13:
589 4269 736 4340 θεόπεμπτα
754 4269 800 4339 μὲν
822 4267 870 4322 cha
888 4268 919 4321 ἂν
937 4268 976 4340 εἴη
995 4236 1027 4322 σὰ
1046 4270 1159 4337 ἐνύπνια,
1184 4272 1240 4326 cote
1259 4275 1345 4343 γέγονε
1361 4272 1453 4327 τούτου
1472 4275 1554 4346 χάριν,

198 4359 313 4430 δαιμόνια
331 4361 416 4428 μέντοι

197 4564 213 4617 'l
235 4564 360 4634 tegimus]
373 4569 438 4634 sort.
457 4566 590 4634 tangimus
695 4565 711 4617 9
730 4580 885 4618 consensum
904 4564 1018 4635 animae]
1039 4568 1054 4618 ι’.
1065 4585 1086 4618 a.
1104 4567 1151 4637 τὴν
1169 4573 1215 4638 τῆς
1233 4567 1317 4640 ψυχῆς
1336 4568 1494 4640 συναίσθησιν

198 4652 301 4705 10-13
325 4655 350 4704 in
368 4654 406 4704 lis
426 4653 486 4703 citit
502 4653 564 4702 solis
583 4651 692 4716 dispicio,
704 4663 733 4702 -et
751 4653 890 4721 iateruptalo
910 4653 1019 4719 relinquo
1129 4656 1158 4706 14
1182 4656 1270 4723 degito
1291 4658 1327 4708 0²³
1425 4660 1491 4725 sort.
1509 4659 1554 4712 ab·

157 4727 164 4739 ’
194 4740 309 4793 atrahere
407 4740 437 4792 tl
459 4731 635 4807 operationem
657 4740 691 4789 0¹
790 4739 823 4792 23
841 4742 877 4790 rit.
896 4741 955 4792 cdd.
975 4742 1014 4792 H:
1035 4742 1118 4804 Quare
1136 4758 1182 4810 per
1200 4746 1403 4814 unumquodque
1422 4747 1555 4798 climatum

196 4830 252 4880 sint
271 4828 316 4879 llll
338 4829 521 4880 conuersionos
541 4827 634 4879 solaris
652 4828 714 4878 anni
822 4829 855 4879 ‘24
883 4844 1066 4897 unumquoque
1087 4829 1224 4882 rlirnadum
1246 4833 1268 4879 (ι’
1379 4831 1413 4885 ‘25
1440 4832 1554 4886 uernalis

195 4932 226 4968 ex
243 4915 353 4968 uersalis
365 4916 433 4984 scor.
454 4920 476 4966 (i
583 4914 617 4967 32
635 4914 734 4967 nullam
756 4915 853 4968 CHM:
872 4916 945 4969 nulla
965 4921 988 4968 t}
