3510 5610
521 305 761 360 HETAPHRASIS
781 306 815 360 IN
834 305 1114 361 THEOPHRASTUM
1448 303 1486 368 ‘21

189 478 221 541 τό
244 478 440 563 χωριζόμενον
462 478 649 562 αἰσθητικόν·
676 478 777 562 ἐπειδὴ
800 477 857 562 οόχ
881 482 921 547 ῶς
944 478 1032 549 ἁπλᾶ,
1056 480 1097 546 ῶς
1119 479 1151 540 δὲ
1173 480 1271 561 τοιᾷδε
1295 482 1360 561 ζωῇ
1383 500 1435 561 χα-

189 580 419 664 ρακτηριζόμενα
449 580 484 666 ἧν
508 581 678 662 αἰσθητικά,
708 581 745 664 ἧς
766 579 922 665 στερόμενα
951 578 1070 647 εἰκότως
1098 580 1259 663 ἀναίσθητα
1282 618 1322 626 -
1346 581 1371 642 εἰ
1395 580 1435 661 μὴ

191 682 249 767 ἄρα
270 686 525 766 πλατωνικῶτερον
556 685 605 746 καὶ
634 683 670 746 τὰ
696 682 786 752 όντως
813 684 892 745 ἁπλᾶ
922 685 1045 766 μάλιστα
1067 682 1315 765 αἰσθητικιότατα,
1345 680 1435 749 όντως

189 785 222 847 δὲ
237 785 317 848 ἁπλᾶ
339 786 375 848 τὰ
396 784 426 848 ἐν
449 790 512 854 ταῖς
534 786 650 853 οἰκείαις
673 785 793 867 μένοντα
809 784 936 869 όλότησι.
1027 784 1102 853 ΙΙῶς
1125 783 1185 847 οὖν
1209 786 1224 847 ό
1248 783 1350 867 λόγος
1372 788 1434 866 τῆς
1453 799 1489 855 45

160 888 393 971 εαίσθήσεως
414 887 541 961 αίτιος;
564 889 580 950 ό
602 889 664 973 γὰρ
687 887 789 970 λόγος
811 887 845 949 ἐν
867 891 909 971 ιη’
930 894 996 950 τῶν
1018 886 1187 949 πλειόνων
1211 886 1300 970 μίξει
1322 887 1378 949 καὶ
1402 888 1436 949 ἐν

189 994 230 1073 τῇ
254 991 339 1075 πρδς
366 988 504 1073 ἄλληλα
535 990 647 1053 αὐτῶν
670 989 804 1075 σχέσει.
850 991 977 1072 ῆτοῦτο
999 990 1046 1052 καὶ
1073 988 1160 1056 αὐτὸς
1182 988 1342 1054 ἐπιλόεται.
1373 987 1436 1051 οὐκ

189 1091 223 1153 ἐν
256 1096 297 1176 τῇ
330 1097 397 1155 τῶν
432 1094 619 1177 στοιχείων
653 1092 740 1155 ἀλλὰ
772 1092 806 1154 ἐν
840 1096 882 1175 τῇ
917 1095 977 1154 τοῦ
1011 1091 1246 1174 αἰσθητηρίου
1280 1092 1364 1175 πρός
1396 1091 1436 1153 τὰ

188 1194 344 1277 αἰσθητὰ
367 1196 494 1279 σχέσει
516 1195 662 1278 ἀφορίζων
684 1195 742 1256 τόν
764 1193 877 1277 λόγον.
922 1195 1037 1257 κοίίλιον
1060 1194 1092 1255 δὲ
1114 1192 1193 1276 οἶμαι
1221 1195 1261 1277 μὴ
1283 1195 1313 1257 ἐν
1336 1193 1436 1278 σχέσει

191 1297 416 1379 προηγουμένως
438 1298 487 1359 τόν
503 1297 672 1380 αἰσθητικόν
688 1301 813 1381 θεωρεῖν
836 1296 930 1379 λόγον.
953 1298 1017 1359 ἀλλ’
1037 1297 1067 1358 ἐν
1082 1294 1166 1379 οὐσία
1182 1301 1301 1380 ζωτική,
1325 1300 1436 1379 κριτικῇ

152 1414 178 1456 1⁰
191 1405 248 1462 τῶν
270 1399 435 1483 αἰσθητῶν·
472 1400 520 1461 καί
542 1400 594 1482 τὴν
616 1401 743 1462 διάλυσιν
767 1403 817 1462 τοῦ
839 1400 925 1481 λόγου
955 1402 991 1479 τῇ
1015 1398 1260 1483 ἀνεπιτηδειότητι
1282 1403 1333 1461 τοῦ
1356 1400 1437 1483 δεχο-

194 1503 281 1585 μένου
303 1501 390 1564 αδτδν
411 1501 533 1584 όργάνου
556 1501 760 1564 ὑποτίθεσθαι·
793 1503 988 1585 ἀνεπιτήδειον
1007 1502 1040 1563 δὲ
1064 1501 1196 1564 τίθεσθαι
1218 1503 1266 1564 καὶ
1288 1507 1325 1584 τῇ
1347 1502 1436 1583 ἀσυμ-

191 1605 287 1689 μέτριμ
309 1609 360 1667 τοῦ
376 1605 519 1689 αἰσθητοῦ
542 1605 691 1689 προσβολῇ
712 1603 872 1685 διαλυοόση
895 1605 946 1686 τήν
969 1604 1100 1686 δεκτικὴν
1121 1608 1172 1665 τοῦ
1195 1601 1283 1685 λόγου
1308 1602 1337 1665 ἐν
1353 1601 1434 1687 αὐτῷ

189 1706 417 1792 ἐπιτηδειότητα.
462 1707 488 1769 εἰ
511 1708 613 1770 δὲκαὶ
644 1705 822 1789 ήαίσθησις
847 1710 898 1767 τοῦ
927 1709 993 1789 ζήν,
1022 1707 1055 1768 τὸ
1077 1707 1109 1768 δὲ
1132 1711 1184 1789 ζήν
1212 1706 1243 1768 ἐν
1266 1711 1308 1791 τῷ
1333 1706 1435 1789 θερμῷ

189 1813 313 1891 μᾶλλον,
343 1807 424 1873 ἔσται
447 1810 496 1872 καί
518 1809 550 1870 τὸ
575 1810 682 1892 θερμόν
704 1808 735 1870 ἐν
757 1811 817 1876 τοῖς
838 1807 868 1869 ἐν
891 1809 960 1890 ήμῖν
989 1809 1091 1877 ἁπλοῖς
1113 1808 1187 1871 κατὰ
1209 1809 1261 1891 τὴν
1283 1811 1335 1889 τῆς
1357 1810 1436 1889 ζωῆς

149 1929 174 1973 15
189 1915 348 1997 μετάληψιν
376 1912 550 1995 έπικτήτως·
584 1910 609 1972 εἰ
635 1911 668 1973 δὲ
697 1912 744 1972 καί
768 1912 867 1989 μικτοί,
896 1907 959 1973 ἀλλ’
988 1935 1006 1993 η
1035 1911 1215 1993 ἐπικράτεια,
1249 1912 1290 1977 ῶς
1314 1908 1435 1993 εἴρηται,

188 2015 262 2078 κατὰ
284 2014 357 2097 μόνα
379 2013 415 2076 τὰ
429 2014 491 2076 δόο.
589 2011 679 2075 [Ιοίλιν
703 2014 719 2075 ό
739 2012 941 2096 Ἀριστοτέλης
963 2012 1074 2081 δεικνὺς
1098 2014 1138 2096 μ“η
1155 2011 1227 2075 εἶναι
1248 2018 1306 2075 τῶν
1329 2015 1432 2074 κοινῶν
1452 2027 1489 2083 46

191 2118 263 2181 ἰδίαν
285 2117 422 2200 αἴσθησιν
449 2120 487 2198 τῇ
515 2116 624 2198 κινήσει
646 2115 734 2198 φησὶν
762 2117 841 2198 ἡμᾶς
865 2114 1056 2178 αἰσθάνεσθαι
1083 2120 1140 2177 τῶν
1167 2120 1269 2177 κοινῶν
1298 2114 1362 2197 (καὶ
1389 2114 1436 2176 διὰ

192 2225 276 2284 τοῦτο
308 2220 436 2282 πλείοσιν
463 2218 617 2302 αἰσθήσεσι
643 2217 803 2300 γνωρίζειν)
836 2217 896 2279 οἷον
927 2217 1068 2300 μεγέθους
1100 2219 1148 2280 καί
1182 2217 1246 2303 όψει
1279 2218 1327 2279 καὶ
1361 2217 1434 2300 ἁφῇ.

188 2324 316 2387 ἄτοπον
344 2323 376 2385 δὲ
399 2322 415 2384 ό
438 2318 624 2404 Θεόφραστός
650 2340 736 2404 φησιν
764 2320 794 2382 εἰ
819 2320 880 2402 τήν
904 2320 1040 2405 μορφὴν
1068 2326 1110 2404 τῇ
1135 2321 1289 2404 κινήσει,
1317 2321 1357 2403 μὴ
1381 2321 1435 2382 διο-

145 2426 348 2511 εορισθέντος,
377 2424 457 2505 οἶμαι
479 2445 500 2484 ιι
521 2444 542 2483 ιι
564 2443 585 2483 ιι
612 2424 657 2484 δεῖ
677 2419 726 2485 οὖν
749 2422 806 2507 οὐχ
828 2423 905 2486 οὕτω
934 2427 974 2505 ιη’
997 2424 1108 2506 κινήσει
1133 2423 1269 2505 λέγεσθαι
1291 2442 1435 2504 γνωριστι-

187 2530 255 2597 κοδς
276 2530 356 2611 ήμᾶς
382 2527 532 2589 εἶναιτῶν
555 2529 673 2596 κοινῶν,
703 2528 743 2593 ῶς
765 2525 991 2608 προηγουμένως
1021 2527 1073 2608 μὲν
1100 2531 1152 2609 τῆς
1178 2526 1333 2608 κινήσεως,
1362 2523 1435 2586 κατὰ

189 2632 372 2716 συμγεβηκδς
393 2630 425 2691 δὲ
448 2653 467 2711 η
490 2626 631 2710 δευτέρως
653 2632 710 2689 τῶν
732 2627 839 2702 ἄλλων,
862 2626 927 2690 ἀλλ’
955 2629 1063 2709 ὁμοίως
1086 2629 1138 2710 μὲν
1161 2630 1275 2690 πάντων
1299 2632 1356 2689 τῶν
1379 2645 1435 2689 κοι-

188 2740 254 2807 νῶν,
276 2735 390 2800 πόντιος
414 2732 446 2794 οὲ
468 2731 516 2793 ἐπὶ
538 2730 652 2791 πάντων
674 2753 711 2812 τη
737 2733 861 2813 κινήσει,
887 2731 1018 2794 τουτέστι
1040 2735 1085 2816 τῷ
1107 2731 1313 2804 ἀλλοιοῦσθαι,
1340 2750 1434 2792 συναι·

188 2838 357 2900 σθοίνεσθαι.
399 2834 425 2896 εἰ
447 2833 479 2895 δὲ
501 2837 618 2894 κινεῖται
640 2831 696 2894 ὑπδ
720 2836 769 2895 τοῦ
793 2832 933 2915 μεγέθους
956 2858 974 2917 η
999 2832 1073 2919 όψις,
1097 2832 1130 2896 οδ
1154 2832 1227 2896 κατὰ
1251 2832 1434 2917 συμβεβηκὸς

147 2956 175 3000 2’5
189 2939 277 3003 αὐτοῦ
299 2938 468 3001 αἰσθάνεται
490 2937 531 3002 ῶς
553 2936 603 2995 τοῦ
625 2933 757 3015 γλυκέος·
786 2935 820 2997 οὐ
842 2935 896 3019 γὰρ
920 2937 1027 3019 πάσχει
1050 2934 1117 2998 οὐδὲ
1140 2936 1305 2998 ἀλλοιοῦται
1327 2937 1346 3018 ίη
1370 2933 1435 3017 όίρις

187 3043 243 3106 ὑπό
265 3044 315 3103 τοῦ
338 3038 468 3120 γλυκέος.
513 3036 539 3098 εἰ
562 3036 594 3097 δὲ
616 3037 664 3099 καὶ
686 3037 718 3099 τδ
747 3037 870 3120 μέγεθος
893 3038 964 3101 ἰδίαν
994 3038 1054 3100 τινὰ
1077 3038 1156 3123 εἶχεν
1180 3038 1333 3120 αἴσθησιν,
1361 3037 1434 3099 κατὰ

188 3143 370 3228 συμβεβηκός
391 3139 426 3202 ἂν
450 3144 511 3207 ταῖς
533 3138 634 3207 ἄλλαις
655 3137 691 3222 ἦν
714 3141 853 3223 αἰσθητὸν
877 3143 917 3209 ῶς
940 3141 971 3203 τό
994 3141 1093 3223 γλυκύ.
1138 3144 1186 3203 νῦν
1208 3141 1241 3202 δὲ
1263 3139 1320 3224 οὐχ
1342 3139 1435 3208 οὕτως

188 3246 263 3309 ἀλλὰ
284 3249 327 3329 τιγῑ
352 3248 445 3307 κινεῖν.
491 3241 544 3305 οὐκ
566 3241 622 3325 οίρα
645 3239 706 3305 ἔστι
728 3265 770 3310 τις
792 3242 934 3324 μεγέθους
957 3244 1014 3306 ἰδία
1037 3246 1077 3312 ῶς
1099 3241 1247 3326 αἴσθησις·
1271 3242 1379 3324 ὁμοίως
1402 3243 1434 3304 δὲ

187 3349 255 3412 οὐδὲ
277 3353 335 3410 τῶν
357 3346 453 3409 ἄλλων
477 3343 532 3407 ὅσα
554 3347 645 3408 κοινοί.
686 3346 734 3408 καί
756 3369 776 3427 η
799 3347 898 3430 μορφὴ
921 3347 953 3409 δὲ
975 3350 1056 3420 κινεῖ,
1079 3347 1127 3408 καί
1149 3347 1235 3429 ήττον
1257 3344 1433 3428 διαφαίνεται

145 3470 173 3509 ,ιιι
186 3454 218 3516 τδ
241 3449 290 3514 ὑπ’
318 3448 408 3532 αὐτῆς
430 3447 535 3523 πάθος,
558 3448 633 3510 ἀλλὰ
656 3450 765 3529 μᾶλλον
792 3472 810 3531 η
833 3448 960 3531 ἐνέργεια
982 3454 1034 3531 τής
1056 3449 1223 3531 αἰσθήσεως
1245 3446 1292 3509 διὰ
1315 3446 1347 3508 τδ
1369 3446 1434 3508 εἰδι-

185 3559 309 3638 κῶτερον
345 3557 397 3634 της
434 3554 548 3634 μορφῆς
585 3550 840 3634 ἐνεργητικιίιτερον
877 3550 925 3612 καί
959 3553 1173 3634 στασιμώτερον
1209 3548 1344 3633 κινούσης
1381 3550 1432 3631 τὴν

184 3658 329 3740 αἴσθησιν.
413 3649 477 3736 Ἐφ’
498 3652 541 3719 οἷς
564 3653 657 3721 όπως
679 3651 924 3735 αἰσθανόμεθα
946 3651 999 3714 ότι
1021 3651 1285 3734 αἰσθανόμεθα,
1309 3651 1432 3714 κατὰτὰ
1450 3666 1486 3722 47

185 3760 258 3824 αὐτὰ
280 3763 322 3844 τῷ
343 3754 537 3840 Ἀριστοτέλει
560 3754 704 3838 διατίθησι
726 3754 774 3816 τόν
797 3753 891 3836 λόγον,
918 3755 980 3837 τὴν
1002 3756 1120 3837 κοινὴν
1143 3754 1310 3837 αἴσθησιν
1333 3754 1431 3837 βουλό-

185 3886 268 3946 μενος
290 3860 362 3923 εἶναι
395 3859 447 3942 τὴν
474 3857 686 3941 ἑπικρίνουσαν,
722 3857 781 3939 τὴν
810 3857 866 3919 καί
900 3861 961 3940 τῆς
988 3857 1165 3942 ἐνεργείας
1198 3857 1432 3920 συναισθανο-

200 4029 216 4034 .-
227 4028 344 4033 --
351 4024 528 4033 ..----.-

131 4120 148 4165 8
166 4118 202 4187 μὴ
221 4118 247 4169 ἐν
266 4116 361 4186 σχέσει]
380 4116 413 4168 εί.
432 4114 548 4182 Simplic.
567 4113 616 4165 λι.
639 4113 713 4178 Ιθῖν,θ
814 4115 843 4164 Ιθ
862 4111 1041 4183 Ἀριστοτέλης]
1060 4114 1169 4166 425113
1269 4114 1301 4164 19
1320 4113 1431 4185 μορφὴν]

132 4206 166 4258 τί.
185 4209 272 4278 σχῆμα
292 4205 399 4256 Λιίιιίυι.
418 4202 527 4254 όθῖιιλί
656 4202 689 4253 ’.ἰθ
717 4202 737 4253 εἰ
755 4200 782 4252 δὲ
800 4201 890 4253 καὶτὸ
909 4200 1025 4269 μέγεθος]
1045 4201 1077 4253 εί.
1097 4202 1207 4253 Aristol.
1226 4200 1334 4253 423224

131 4294 165 4345 33
182 4290 353 4362 Ἀριστοτέλει]
371 4288 491 4353 42:31112,
508 4288 620 4341 455115

203 4442 357 4449 ——-
370 4440 504 4447 -.——.

131 4531 194 4601 ’.ἰῆς
212 4532 317 4599 scripsi:
337 4530 352 4600 ἢ
372 4531 441 4599 vulg.
548 4530 577 4583 ἂν
596 4530 703 4599 αἰσθητά
722 4532 754 4583 θλ
865 4533 890 4583 ll
913 4534 957 4584 καὶ
976 4533 1081 4583 uncinis
1100 4532 1193 4584 inclus.
1213 4548 1234 4583 w
1340 4532 1371 4583 18
1389 4533 1440 4598 μέν

130 4618 202 4688 γτθος
220 4636 254 4671 w:
273 4634 323 4671 υιιι.
344 4619 447 4681 thv
572 4620 602 4670 19
630 4635 704 4687 φησιν
723 4635 772 4671 om.
794 4635 813 4670 w
939 4618 971 4687 εἰ]
991 4620 1024 4677 τίς
1044 4620 1130 4671 ΗλΙΡΙι
1251 4619 1285 4669 20
1311 4618 1430 4671 lacunam

130 4723 188 4759 cum
207 4723 229 4755 τι·
247 4707 361 4759 indicavi
468 4705 548 4774 οὕτω]
568 4704 619 4758 ότω
641 4706 695 4758 1.Μί
804 4705 836 4756 '22
864 4705 893 4775 ἡ]
912 4709 954 4759 καὶ
967 4690 994 4758 ’τι
1101 4706 1135 4757 :³8
1161 4706 1190 4757 ’.ό
1209 4705 1284 4757 κινείν
1304 4706 1382 4768 λλίῸ

130 4793 439 4850 ‹3›;unci11i÷incl11s.w
563 4796 598 4845 :50
625 4791 667 4845 ἕατ’
689 4794 793 4861 scripsi:
813 4791 857 4844 ἀπ’
879 4794 948 4861 vulg.
1067 4792 1100 4845 32
1128 4789 1209 4863 ὅπως]
1227 4792 1254 4845 δὲ
1273 4790 1341 4853 ὅπως
1359 4794 1430 4847 θῖῬε

129 4878 154 4933 δί
174 4897 231 4938 πως
251 4882 283 4935 b:
302 4879 328 4932 δί
348 4900 403 4941 πως
420 4897 441 4932 w
