3510 5610
829 301 1001 364 PRISGIANI
1019 305 1102 364 LYDI

346 480 397 549 τάς
418 481 451 544 δέ
474 483 544 545 ποτὲ
574 483 626 564 μὲν
654 483 764 551 ἀτελεῖς
792 484 863 546 ποτὲ
885 484 917 546 δὲ
946 483 1056 550 τελείας
1081 481 1212 565 οἰηθείη,
1242 482 1268 544 εἰ
1291 481 1342 565 μέν
1373 482 1595 567 διεσπασμένας,

345 583 439 646 πολλὰ
462 587 526 667 ζῷα
548 583 581 645 τὸ
604 584 634 647 ἓν
658 586 772 668 ποιήσει
802 585 850 647 καὶ
872 587 1020 654 παντελῶς
1041 585 1202 668 ἀποστήσει
1232 584 1285 668 τὴν
1307 584 1454 668 κρείττονα
1484 584 1594 660 οὐσίαν,

345 688 386 754 ὡς
414 688 487 770 μήτε
513 685 661 770 ἀρχουσαν
690 692 743 771 τῆς
771 691 849 770 ζωῆς
880 689 953 771 μήτε
980 685 1074 750 κοινόν
1103 710 1130 749 τι
1156 683 1297 771 ἔχουσαν,
1330 686 1415 770 εἴγε
1444 688 1520 752 κατὰ
1541 688 1595 772 τὴν

344 788 479 872 δευτέραν
501 790 534 851 τὸ
549 789 627 873 παρὰ
651 789 737 874 μέρος
758 790 858 859 ἀτελές
880 814 911 852 τε
934 789 982 852 καὶ
995 789 1120 864 τέλειον,
1143 788 1173 852 ἐν
1197 783 1445 875 ιβὴἀνθρωπεία
1468 793 1594 876 ὁρίζεται

226 964 228 968 γ
317 894 418 974 οξωη.
452 892 478 954 εἰ
500 893 533 954 δὲ
555 891 671 976 σχέσεις
692 892 783 976 λέγων
807 892 900 960 διττάς
922 893 941 974 ἢ
964 889 1068 974 λόγους
1090 892 1109 975 ἢ
1132 891 1209 962 ξωάς
1231 892 1284 975 τὴν
1305 891 1409 956 ἕνωσιν
1431 899 1491 957 τοῖν
1515 897 1594 958 δυοῖν

346 992 350 1080 Ι
376 993 415 1075 μὴ
439 995 585 1078 ἀναιροίη,
612 995 722 1078 ἵναμὴ
746 999 828 1080 χορῷ
852 995 872 1078 ἦ
895 993 977 1079 άλλιρ
1002 994 1110 1078 πλήθει
1131 994 1288 1078 προσεοίκη
1311 996 1344 1058 τὸ
1367 995 1522 1081 ἡμέτερον,
1547 1018 1594 1060 συ·
1609 1012 1651 1058 28⁹

344 1097 481 1181 νέρχηται
509 1098 541 1160 δέ
561 1097 604 1165 εἰς
625 1096 656 1159 ἓν
673 1099 777 1160 ’πάντα
802 1098 850 1159 καί
877 1098 950 1181 πρδς
976 1097 1044 1180 μίαν
1067 1096 1231 1180 συμφύηται
1254 1097 1367 1182 ἀρχήν,
1395 1099 1427 1162 τδ
1454 1098 1486 1162 ἓν
1508 1105 1595 1164 τοῦτο

345 1203 534 1284 ζητήσωμεν,
558 1197 680 1283 πότερον
703 1200 849 1281 μονοειδές
871 1200 931 1263 ἐστι
953 1201 1002 1263 καὶ
1025 1200 1170 1284 ἀκήρατον
1193 1200 1287 1282 πάντη
1310 1201 1358 1263 καῖ
1381 1201 1593 1288 ἀμετάβλητον.

344 1302 409 1365 ἀλλ’
438 1303 514 1366 οὕτω
537 1304 621 1364 πάλιν
644 1301 765 1385 οὐδεμία
786 1300 867 1365 ἔσται
891 1302 961 1364 ποτέ
983 1302 1013 1364 ἐν
1036 1307 1097 1371 ταῖς
1120 1306 1227 1386 ψυχαῖς
1249 1301 1348 1385 ἢκατ’
1366 1303 1465 1368 οὐσίαν
1487 1305 1589 1388 ἧκατ’

305 1420 332 1463 ιο
345 1403 486 1488 ἐνέργειαν
514 1404 628 1467 ἀτέλεια
661 1403 681 1487 ἦ
705 1403 790 1465 κακία
819 1403 971 1487 ἧπάθος·
1004 1404 1198 1467 ἀκολουθοῦσι
1220 1404 1273 1488 γάρ
1302 1428 1338 1488 τη
1370 1406 1454 1491 οὐαίηι
1487 1408 1536 1470 καὶ
1562 1409 1594 1470 αἱ

344 1507 492 1590 ἐνέργειαι.
521 1505 600 1569 ’ἀλλ’
628 1507 697 1570 οὐδὲ
719 1506 814 1589 πάντη
839 1505 1087 1591 μεταβαλλόμενον
1116 1504 1176 1568 οἶόν
1199 1529 1230 1568 τε
1253 1513 1430 1592 συγχωρεῖν·
1465 1509 1595 1593 διαμένει

346 1609 400 1693 γάρ
422 1634 442 1692 η
466 1611 527 1692 ζωὴ
551 1609 581 1672 ἐν
604 1614 666 1677 ταῖς
688 1609 870 1694 μεταβολαῖς.

422 1709 532 1796 Ἄμφω
554 1711 611 1795 ἀρα
632 1711 706 1774 κατά
732 1713 780 1774 τόν
800 1710 963 1796 Ἰάμβλιχον
991 1712 1009 1795 ἡ
1034 1712 1136 1796 μερικῖη
1163 1713 1247 1796 φυχῖη
1277 1712 1308 1783 ἐξ
1335 1712 1400 1778 ἴσου
1426 1716 1594 1800 συνειληφε,
1614 1732 1645 1788 12

343 1816 391 1877 καὶ
413 1816 446 1878 τὸ
469 1813 588 1897 μόνιμον
611 1815 659 1877 καὶ
682 1815 714 1877 τδ
731 1813 992 1899 μεταβαλλόμενον,
1015 1814 1062 1877 ἵνα
1083 1815 1131 1877 καὶ
1153 1814 1245 1898 ταύτη
1267 1816 1429 1902 ἡμεσότης
1451 1821 1593 1903 σώζηται.

304 1934 330 1977 15
343 1918 378 1980 τὰ
401 1918 452 1999 μὲν
475 1917 528 2000 γάρ
550 1918 671 2001 κρείττω
695 1916 800 2000 μόνιμα
823 1916 929 2000 μόνως,
951 1917 987 1979 τὰ
1009 1916 1041 1978 δέ
1065 1916 1157 2000 θνητά
1179 1919 1273 2000 πάντη
1296 1920 1471 2005 μεταβλητά.
1516 1923 1536 2004 ἡ
1559 1923 1594 1984 δὲ

344 2021 445 2106 μερικῖη
469 2020 561 2104 ψυχή,
585 2022 626 2088 ὡς
641 2019 716 2103 μέση
740 2024 810 2083 πᾶσι
832 2023 891 2088 τοῖς
906 2018 1103 2103 περικοσμίυις
1124 2018 1218 2101 γένεσι
1233 2023 1466 2108 συμμεριξομένη
1488 2048 1521 2086 τε
1543 2026 1593 2088 καὶ

344 2121 628 2207 σομπληθυνομένη,
657 2120 690 2184 οὐ
714 2122 800 2205 μόνον
829 2121 906 2205 μένει
928 2121 1004 2184 ἀλλὰ
1026 2121 1074 2184 καὶ
1097 2123 1271 2207 μεταβάλλει
1299 2122 1438 2193 τοσαύτας
1460 2127 1593 2198 διαζῶσα

344 2225 480 2310 μεριστάς
502 2227 588 2297 ξωάς.
633 2225 681 2288 καλ
704 2223 737 2287 οὐ
761 2224 834 2287 κατὰ
860 2223 911 2293 τάς
934 2223 1005 2293 ἕξεις
1035 2222 1123 2305 μόνας
1146 2226 1220 2289 ἀλλά
1250 2227 1299 2288 καὶ
1320 2227 1395 2289 κατὰ
1416 2227 1469 2310 τὴν
1491 2226 1594 2291 οὐσίαν

344 2328 556 2414 μεταβάλλεταί
576 2351 627 2411 πη.
672 2325 687 2388 δ
711 2329 763 2411 δή,
790 2326 886 2407 οἶμαι,
911 2328 960 2390 καὶ
982 2326 1070 2396 αὐτὸς
1091 2326 1303 2410 ἐνδεικνύμενος
1323 2326 1420 2391 έοικε
1442 2332 1593 2412 μᾶλλον,

302 2432 444 2515 κυφησίν,
472 2431 587 2501 ἕξεως.
631 2429 808 2514 διαφαίνεται
835 2430 887 2514 μὲν
915 2429 968 2513 γὰρ
990 2431 1010 2512 ἡ
1032 2429 1106 2492 κατὰ
1132 2429 1183 2498 τάς
1210 2429 1282 2500 ἕξεις
1304 2432 1449 2517 μεταβολὴ
1477 2432 1526 2495 καλ
1548 2456 1593 2495 τε·

343 2536 470 2604 λείωσις·
504 2534 548 2596 διδ
576 2535 721 2615 μᾶλλον·
756 2532 827 2595 αὐτὸ
851 2533 883 2594 δὲ
910 2533 943 2594 τδ
967 2533 1099 2615 μᾶλλον
1120 2531 1209 2616 φάναι
1229 2533 1345 2617 ᾐνίξατο
1374 2534 1497 2617 καλιὴν
1520 2533 1586 2598 κατ’

343 2637 443 2701 οὐσίαν
465 2636 621 2699 τελείωσιν.
666 2637 709 2697 διό
733 2635 780 2698 καὶ
803 2635 917 2717 ἐπάγει·
951 2633 1037 2717 αὕτη
1061 2634 1097 2696 δὲ
1119 2634 1193 2697 οἷον
1220 2639 1363 2699 τελεοῦν
1385 2636 1592 2720 τὴνφύσιν,

344 2744 394 2802 τοῦ
409 2739 591 2822 ἐνεργοῦντος
613 2738 726 2823 δηλαδὴ
750 2740 791 2805 ὡς
813 2736 846 2799 οὐ
866 2735 1004 2820 πρότερον
1025 2733 1114 2799 οὖσαν
1129 2737 1254 2800 τελείαν·
1277 2738 1413 2822 οὐδὲγὰρ
1437 2737 1471 2801 ἀν
1493 2740 1592 2822 πάντη

343 2842 454 2909 τελείας
475 2839 565 2925 οὔσης
587 2845 638 2923 τῆς
661 2838 760 2907 οὐσίας
782 2839 887 2922 ἀτελὴς
914 2838 950 2923 ἤν
972 2841 992 2924 ἥ
1015 2863 1046 2901 τε
1068 2838 1123 2908 ἕξις
1149 2840 1198 2901 καὶ
1219 2840 1238 2921 ἡ
1261 2838 1389 2924 ἐνέργεια
1420 2842 1478 2904 ἀπὸ
1501 2840 1594 2925 μόνης

303 2962 330 3005 νο
344 2947 484 3028 προϊοῦσα
498 2948 550 3026 τῆς
565 2942 673 3012 οὐσίας.
755 2939 877 3027 Ἐφεξῆς
899 2942 995 3004 δὲκαὶ
1010 2940 1107 3017 αὐτός,
1129 2943 1228 3025 ὥσπερ
1245 2942 1261 3004 ό
1281 2940 1494 3028 Ἀριστοτέλης,
1516 2944 1593 3008 τιθέ·
1614 2963 1642 3020 13

344 3072 427 3131 μενος
451 3043 512 3108 ἔνια
536 3045 587 3128 μὲν
610 3044 687 3107 ἀυλα
715 3047 772 3106 τῶν
796 3030 895 3118 εἰδῶν,
926 3040 974 3128 ἐφ’
1003 3044 1044 3106 ὧν
1066 3043 1169 3107 ταύτδν
1191 3043 1262 3107 αὐτό
1285 3068 1317 3107 τε
1340 3045 1460 3110 ἕκαστον
1485 3047 1533 3110 καὶ
1556 3049 1592 3110 τό

343 3150 415 3214 εἶναι
437 3147 532 3232 αὐτῷ·
556 3148 604 3210 τὸν
628 3147 681 3231 γάρ
705 3145 788 3229 λόγον
811 3147 860 3210 καὶ
880 3147 913 3209 τὸ
930 3145 1006 3216 εἶδος
1027 3146 1060 3209 τὸ
1083 3145 1155 3209 εἶναι
1177 3148 1272 3230 δηλοῖ,
1293 3147 1365 3212 αὐτὸ
1388 3149 1420 3212 δέ
1442 3149 1495 3232 τὴν
1517 3149 1591 3236 ὐλην

343 3252 513 3325 ὑπόστασιν,
543 3250 591 3313 ἐπὶ
614 3250 646 3313 δέ
667 3255 725 3312 τῶν
748 3250 846 3313 ἀόλων
874 3250 948 3313 κατὰ
975 3250 1060 3332 μόνον
1090 3251 1139 3313 καὶ
1161 3250 1193 3312 τδ
1216 3248 1293 3318 εἶδος
1318 3251 1437 3314 καὶτὸν
1463 3251 1547 3335 λόγον
1570 3256 1591 3338 ἠ

343 3355 397 3439 όλη
421 3354 592 3420 ὑπόστασις·
626 3349 687 3414 ἔνια
712 3352 745 3413 δὲ
766 3349 868 3425 ένυλα,
901 3349 947 3437 ἐφ’
975 3352 1016 3415 ὧν
1042 3351 1140 3436 ἕτερον
1168 3351 1239 3415 αὐτὸ
1269 3353 1316 3415 καλ
1343 3354 1375 3416 τδ
1397 3353 1469 3417 εῖναι
1491 3354 1588 3441 αὐτῷ·

303 3475 329 3518 κο
343 3461 416 3523 κατὰ
437 3457 492 3540 γάρ
513 3457 546 3518 τδ
569 3452 783 3537 συναμφότερον
806 3452 888 3530 αὐτό,
910 3455 943 3517 τό
966 3456 999 3517 δὲ
1021 3454 1091 3517 εἶναι
1110 3458 1195 3517 πάλιν
1218 3455 1291 3518 κατά
1314 3455 1347 3518 τδ
1369 3455 1462 3525 εἶδος·
1484 3456 1588 3542 ἐπειδὴ

342 3559 515 3645 ἀμφοτέρων
535 3558 712 3641 θεωρητικὸς
739 3557 755 3617 ό
779 3557 896 3640 δυνάμει
921 3561 1001 3631 νοῦς,
1029 3561 1123 3640 ζητεῖ,
1155 3564 1226 3626 πῶς
1249 3559 1411 3642 ἑκάτερα,
1445 3560 1591 3629 καὶπῶς

341 3665 381 3726 τά
403 3664 438 3726 ἐν
461 3663 525 3745 ὐλη
548 3661 603 3724 καλ
626 3657 829 3743 ἀφαιρέσει·
853 3659 974 3743 καὶγὰρ
996 3659 1070 3722 αὐτά
1092 3659 1127 3722 τὰ
1143 3658 1229 3722 ἔναλα
1250 3684 1270 3743 η
1293 3660 1421 3724 κατὰτὸ
1444 3662 1590 3747 συναμφό-

342 3790 423 3851 τερον
449 3765 468 3848 ἦ
499 3764 571 3826 κατὰ
598 3760 684 3845 μόνον
711 3761 820 3845 θεωρεῖ
845 3762 876 3823 τδ
898 3761 983 3830 εἶδος.
1028 3762 1202 3847 διακέκριται
1228 3763 1279 3847 μέν
1306 3760 1356 3826 οὖν
1383 3767 1474 3826 ταῦτα
1500 3765 1588 3848 σαφέ-

343 3890 441 3952 στερον
467 3866 545 3950 παρὰ
566 3869 626 3934 τοῖς
651 3865 777 3948 γνησίοις
805 3868 855 3926 τοῦ
874 3861 1091 3948 Ἀριστοτέλους
1118 3864 1281 3949 ἐξηγηταῖς,
1308 3871 1352 3951 τῷ
1379 3889 1410 3928 τε
1429 3863 1589 3952 Ἰαμβλίχιρ

302 3988 329 4032 35
342 3973 390 4035 καὶ
411 3975 453 4054 τῷ
479 3967 843 4052 Νεστορίοολίλουτάρχιρ
866 3967 955 4051 φημί·
979 3967 1119 4050 μνηστέον
1141 3965 1166 4030 δ’
1194 3965 1236 4030 ἔτι
1259 3969 1306 4031 καὶ
1328 3968 1397 4051 ἡμῖν
1420 3965 1456 4030 δι’
1484 3968 1590 4051 ὐλίγων

292 4179 323 4230 13
347 4175 503 4228 lamblichus
521 4190 563 4241 ορ.
582 4172 698 4239 Simplic.
717 4173 767 4224 λο.
785 4173 893 4238 240,37.
912 4172 994 4238 238,ss
1118 4172 1152 4224 ‘25
1179 4170 1357 4243 Ἀριστοτέλης]
1377 4172 1409 4225 cf.
1427 4173 1540 4225 429b10

291 4266 324 4317 35
346 4259 511 4334 Πλουτάρχῳ]
532 4260 743 4326 cf.Phi10p0nus
762 4260 790 4311 in
809 4261 917 4311 Aristot.
936 4261 968 4312 de
987 4261 1037 4312 An.
1056 4260 1167 4313 429b13

292 4455 300 4505 l
322 4450 416 4521 οἰηθεὶς
434 4451 521 4503 HMPb
614 4449 800 4519 διεσπασμέναις
818 4448 909 4512 LMPQ
1003 4451 1018 4503 6
1038 4451 1073 4521 μὴ
1093 4452 1164 4518 prius
1182 4466 1232 4503 om.
1251 4467 1273 4503 w
1365 4450 1499 4522 προσιοίκη
1518 4449 1589 4502 BL':

287 4539 428 4612 προσεοίκοι
447 4538 609 4600 11L²MPQv2
627 4538 758 4609 προσέοικε
777 4539 805 4590 b:
825 4537 967 4605 προσεοικός
986 4554 1006 4588 w
1108 4539 1241 4609 συνέχηται
1260 4540 1299 4591 λιιι
1399 4540 1414 4591 ’ί
1434 4538 1460 4613 δέ
1479 4554 1530 4591 om.
1548 4541 1589 4591 λιιι

288 4626 426 4697 συρφόειαι
445 4625 519 4678 codd.
539 4627 555 4677 b
660 4625 676 4676 8
696 4624 835 4694 ζητήσομεν
853 4625 915 4677 wa
1022 4626 1038 4678 9
1057 4623 1137 4690 οὕτω]
1157 4623 1213 4678 οὐτε
1232 4626 1263 4678 ΙΆ
1375 4626 1404 4679 Ιθ
1422 4627 1468 4696 γὰρ
1487 4641 1538 4677 0111.
1556 4626 1589 4678 L¹

288 4714 382 4783 μόνως]
403 4714 478 4783 μόνον
496 4729 518 4764 w
601 4712 631 4763 19
650 4711 800 4781 μεταβάλλει
817 4729 838 4762 w
915 4713 944 4764 θλ
968 4712 994 4764 δὲ
1013 4729 1062 4765 om.
1082 4730 1102 4764 w
1184 4713 1217 4765 22
1236 4712 1318 4765 τελιοῖ
1334 4729 1355 4765 ιν
1432 4714 1465 4765 26
1484 4712 1588 4781 ταύτὸν]

288 4802 364 4854 αὐτόν
384 4801 414 4852 Ιιῑ
521 4802 563 4852 29.
582 4803 617 4852 30
643 4799 733 4851 καὶτὸ
753 4799 922 4852 εῖναι-αὐτό
941 4816 992 4852 om.
1012 4804 1074 4852 text.
1094 4799 1113 4851 L
1220 4800 1253 4851 34
1281 4802 1360 4872 παρὰ]
1379 4801 1434 4870 περὶ
1453 4801 1540 4853 MPVb

287 4887 443 4963 ἀριστοτέλου
463 4889 539 4940 L¹MP
646 4888 679 4941 35
699 4887 723 4939 δ’
745 4887 792 4957 ἔτι]
812 4887 837 4939 δέ
856 4907 880 4940 τι
899 4890 958 4941 wa
1065 4885 1096 4938 δι’
1119 4885 1201 4956 ὀλίγον
1219 4888 1294 4941 MPb:
1314 4886 1347 4939 δι’
1368 4887 1452 4959 ὀλίγου
1471 4888 1519 4941 Hw
