3510 5610
195 279 235 351 72
731 275 899 330 Perseum
919 274 1001 327 uror

246 448 299 511 scd
323 449 481 513 nouilunio
505 455 536 512 et
558 449 730 532 plenilunio
753 449 785 511 in
808 468 955 528 magnum
978 468 1117 511 accessus
1140 447 1229 520 liunt,
1251 445 1304 509 sed
1327 444 1456 508 secundi
1480 466 1500 505 a
1518 455 1560 513 5ss

247 552 329 615 coitu
354 554 403 615 uel
428 552 606 636 plenilunio.
651 553 683 615 in
711 552 742 614 id
770 551 871 636 ipsum
901 550 933 612 in
961 551 1004 613 eis
1031 550 1174 614 annualis
1200 550 1234 613 fit
1258 550 1345 612 ratic.
1390 550 1525 631 siequer

247 675 326 735 quae
349 663 421 718 sunt
443 676 583 718 accessus
605 654 637 717 in
661 654 767 717 ordine
789 652 987 738 proueniunt,
1010 651 1055 715 ita
1076 657 1112 714 ut
1134 652 1229 715 etiam
1253 653 1401 716 terminos
1417 652 1497 715 redi-

247 765 297 819 tus
313 778 412 839 aquae
429 757 618 840 ingrediatur
635 757 668 819 in
684 778 716 820 se
732 757 882 840 incipiens
897 756 1025 817 relluere
1045 760 1076 816 ct
1090 761 1313 838 cousequenter
1327 755 1447 838 regredi
1463 756 1495 837 in

219 875 233 918 o
247 866 369 923 terram.
398 860 428 923 in
441 865 563 923 tantum
576 880 648 923 uero
662 880 743 942 aqrra
758 859 922 941 egreditur,
940 864 974 920 ut
987 857 1081 920 etiam
1094 878 1207 940 magua
1220 859 1349 923 flumina
1360 860 1392 922 in
1404 859 1498 922 aliam

247 968 365 1046 partem
389 967 560 1025 conuertas.
605 968 636 1024 et
659 962 714 1024 hoc
736 960 825 1025 aiunt
846 961 988 1024 Rhenum
1011 959 1139 1023 aCeltis
1161 968 1333 1024 currentem
1357 961 1498 1037 fluuium,

248 1074 279 1129 ct
301 1066 377 1129 alios
400 1066 513 1128 iterum
539 1065 571 1128 in
594 1064 722 1127 llibcria
751 1071 789 1126 et
805 1062 957 1127 Bretauiis
979 1063 1140 1127 sustinere.
1185 1063 1387 1144 iujllretania
1414 1063 1498 1127 crrim

248 1169 378 1231 fluuium
402 1169 455 1251 qui
478 1167 591 1231 dicitur·
612 1167 759 1229 Tamessa
782 1167 813 1229 in
837 1172 983 1248 quattuor
1006 1166 1071 1229 dies
1093 1187 1112 1229 a
1133 1167 1211 1228 mari
1228 1166 1379 1249 repletum
1396 1189 1435 1231 ex
1451 1188 1496 1229 re
1512 1182 1539 1223 ιο

248 1270 420 1334 dundantia
442 1269 581 1334 conuerti
603 1268 720 1345 dicunt,
743 1277 779 1332 ut
802 1278 833 1332 et
856 1269 999 1333 uideatur·
1019 1269 1128 1359 amari
1145 1270 1242 1332 fluens
1258 1269 1356 1331 redire
1372 1270 1403 1332 in
1420 1270 1498 1333 alias

209 1390 234 1433 ιο
247 1384 358 1458 partes.
403 1374 513 1436 horum
537 1371 628 1454 igitur
650 1393 758 1434 causas
780 1372 938 1454 requirens
960 1371 1082 1435 Stoicus
1103 1371 1300 1449 Posidonius,
1333 1387 1367 1434 ut
1389 1379 1421 1435 et
1444 1394 1498 1457 per

247 1500 279 1540 se
302 1478 402 1560 ipsun]
426 1475 601 1559 explorator·
623 1474 722 1536 factus
745 1473 920 1537 huiusmodi
943 1473 1206 1557 reciprocationis,
1230 1473 1377 1538 discernit
1399 1476 1497 1556 magis

248 1601 373 1642 causam
402 1599 466 1641 esse
493 1577 560 1640 eius
586 1576 692 1639 lunam
721 1581 751 1638 et
778 1598 839 1639 non
865 1577 972 1639 solem.
1016 1576 1089 1639 solis
1121 1576 1247 1659 quidem
1280 1576 1361 1640 enirn
1395 1578 1498 1659 ignem

247 1682 402 1745 sincerum
425 1701 489 1743 esse
513 1686 544 1742 et
569 1699 709 1742 summae
736 1679 874 1757 uirtutis3
903 1679 1007 1761 itaque
1034 1699 1163 1762 uapores
1190 1686 1457 1764 ‹parantescrunque
1480 1702 1500 1743 a

248 1791 331 1848 terra
353 1790 383 1847 et
406 1783 483 1846 mari
505 1782 662 1861 subleuat,
690 1782 814 1845 eosdem
840 1802 912 1844 mox
939 1781 978 1844 ab
1005 1781 1074 1864 igne
1097 1782 1275 1845 demolitur:
1304 1783 1396 1846 lunae
1422 1805 1497 1847 uero

210 1888 350 1972 inignem
381 1908 443 1950 nou
470 1885 624 1949 sincerum
652 1883 703 1946 sed
732 1884 930 1947 infirmiorem
954 1906 1019 1949 esse
1042 1892 1073 1949 et
1094 1884 1280 1948 imbecillem
1305 1908 1340 1948 ac
1364 1907 1418 1969 per
1441 1889 1539 1951 hoen

251 1990 431 2054 fertiliorem
454 1986 580 2070 quidem
602 1987 636 2049 in
658 2007 694 2049 aa
717 2008 796 2069 (puae
818 1986 946 2050 suntin
968 1993 1064 2066 terra3
1087 2007 1266 2051 consumere
1281 1995 1387 2053 autem
1402 2010 1497 2072 quae·

251 2113 382 2175 cumque
405 2091 498 2154 insert
514 2110 576 2152 non
592 2094 703 2172 potest,
725 2088 778 2151 sed
793 2088 985 2154 solummodo
1002 2089 1123 2153 eleuare
1140 2090 1246 2153 umida
1262 2096 1293 2153 et
1307 2090 1496 2168 tluctiticare,

247 2195 484 2259 submonentem
506 2191 631 2275 quidem
654 2212 691 2253 ea
712 2212 731 2253 a
752 2190 920 2270 caliditate,
942 2196 1128 2255 nouantem
1143 2193 1350 2256 minorantem
1367 2193 1499 2263 otiulir-

250 2297 360 2360 mitato
383 2295 491 2360 caloris
514 2298 546 2357 et
567 2293 676 2357 maiori
703 2293 878 2380 umiditata
893 2331 934 2340 —
962 2294 1043 2358 unde
1071 2294 1166 2358 etiarn
1193 2299 1374 2378 putrescunt
1399 2297 1500 2379 magis

208 2415 236 2458 ao
250 2420 464 2483 quaecumque
486 2419 505 2461 a
527 2397 602 2460 luna
624 2396 828 2460 calificantur:
852 2397 997 2481 quoniam
1022 2404 1053 2460 et
1076 2419 1157 2480 aqua
1179 2397 1210 2460 in
1231 2397 1332 2461 lebete
1348 2400 1500 2463 calefacta

249 2507 427 2567 mensurate
450 2500 587 2584 primum
608 2499 786 2563 intumescit
808 2505 839 2563 et
861 2500 1022 2564 extollitur
1043 2501 1124 2580 susa,
1156 2496 1299 2585 imposito
1327 2523 1400 2566 uero
1428 2503 1542 2586 igneae

251 2607 438 2669 incessanter
460 2608 675 2666 consummata
695 2601 841 2665 subsidit:
863 2603 951 2686 atqui
974 2608 1005 2666 et
1026 2624 1174 2686 maguum
1196 2624 1281 2667 mare
1303 2625 1322 2667 a
1343 2605 1407 2669 sole
1431 2607 1499 2689 qui-

250 2708 321 2771 dem
343 2705 513 2789 aequaliter
535 2703 602 2787 pati
624 2724 836 2787 quaecumque
860 2706 891 2768 in
914 2704 1013 2769 lebete
1030 2725 1111 2788 aqua
1125 2727 1144 2768 a
1159 2705 1256 2769 nimio
1271 2688 1357 2789 ifgne3
1382 2728 1401 2770 a
1424 2708 1501 2772 luna

249 2831 322 2874 uero
345 2827 558 2892 quaecumque
579 2806 618 2869 ab
641 2805 763 2869 infirma
786 2815 817 2869 et
838 2807 939 2891 prima
961 2807 1133 2872 caliditate:
1160 2808 1204 2871 sic
1226 2829 1348 2892 quoque
1370 2811 1501 2875 circuire

209 2930 236 2974 as
250 2936 320 2978 cum
342 2913 419 2975 luna
440 2908 556 2973 undam
578 2908 687 2987 maris
714 2909 813 2972 uoluti
840 2910 880 2973 ab
906 2911 974 2994 ipsa
997 2911 1134 2974 exaltata
1156 2911 1251 2974 etsie
1273 2911 1431 2977 infirmata
1453 2936 1500 2978 re·

197 3222 213 3273 ⁸2
238 3231 297 3287 post
315 3216 460 3288 plenilunio
478 3200 732 3279 distinxisDuebaen
751 3217 819 3266 ααίία
837 3217 959 3269 distinctio
976 3220 1002 3270 εἰι
1022 3219 1045 3269 G
1151 3216 1167 3268 3
1192 3234 1281 3285 praece
1294 3219 1358 3284 sort.
1376 3216 1459 3277 οὕτως
1476 3238 1506 3272 τε
1524 3221 1557 3275 τά

197 3312 244 3377 τῆς
263 3307 401 3376 ἐπιβάσεοις
419 3305 445 3356 έν
463 3302 530 3363 τάξει
548 3310 688 3375 προχωρεῖ,
707 3302 772 3355 ὥστε
791 3305 834 3356 καὶ
852 3303 866 3357 ό
885 3304 942 3376 βοῦς
961 3304 986 3374 [ό
1005 3303 1063 3375 βοῦς
1080 3317 1102 3357 οι
1120 3301 1192 3377 όροος
1210 3307 1349 3372 οοιιχὶιάίεεο
1367 3307 1462 3356 nideror
1481 3309 1557 3358 inter-

192 3395 266 3465 pres]
286 3392 430 3463 παλιρροίας
448 3391 577 3461 ἐνάρχεται
597 3388 633 3458 [i]
659 3390 692 3449 είς
709 3391 796 3443 ἑαυτὸν
814 3391 952 3463 ἀρχόμενος
971 3394 1084 3465 ἀναρρεῖν
1107 3393 1151 3444 καὶ
1169 3391 1258 3461 ἐφεξῆς
1280 3392 1420 3462 ἀναβαίνειν
1440 3396 1481 3447 ἐπὶ
1501 3401 1557 3466 γῆν.

197 3482 237 3533 ἐπὶ
255 3485 375 3532 τοσοῦτον
394 3479 420 3530 δὲ
438 3478 468 3530 τὸ
486 3476 553 3545 ὕδωρ
572 3477 681 3546 ἐκβαίνει
705 3476 770 3529 ὥστε
790 3480 832 3530 καὶ
851 3479 973 3548 μεγάλους
990 3480 1118 3547 ποταμοὺς
1141 3480 1180 3532 ἐπὶ
1198 3479 1227 3532 τὸ
1250 3480 1333 3552 ἕτερον
1353 3482 1428 3554 μέρος
1446 3483 1558 3555 ἐπιστρέ-

197 3587 259 3640 φειν.
297 3567 339 3619 καὶ
357 3567 431 3619 τοῦτό
450 3581 509 3634 φασι
524 3561 616 3634 Ῥῆνον
640 3564 683 3616 τὸν
702 3565 751 3617 ἀπὸ
775 3572 827 3617 τῶν
847 3563 952 3619 Κελτῶν
974 3566 1087 3634 ποταμὸν
1111 3566 1199 3636 ῥέοντα
1218 3567 1261 3618 καὶ
1279 3566 1370 3626 ἄλλους
1392 3569 1424 3621 αὖ
1443 3588 1513 3629 τινας
1531 3572 1558 3623 έν

195 3655 287 3727 Ἰβηρίᾳ
306 3655 349 3706 καί
367 3661 420 3710 ταῖς
439 3650 584 3722 Βρετανίαις
611 3651 684 3710 ὄντας
702 3651 812 3726 ὑπέχειν.
847 3654 891 3706 τὸν
910 3654 956 3725 χάρ
974 3653 1000 3705 ἐν
1019 3651 1142 3724 Βρετοινίᾳ
1165 3654 1278 3723 ποταμὸν
1303 3655 1346 3707 τὸν
1366 3651 1499 3724 Τἀμεσσαν
1518 3657 1559 3710 λε·

198 3744 302 3814 χόμενον
320 3742 360 3794 ἐπὶ
379 3742 499 3812 τέτταρας
517 3741 612 3810 ἡμέρας
633 3738 709 3808 [sort.
728 3741 768 3793 ἐπὶ
785 3740 814 3793 τὸ
832 3740 1039 3813 τετόρτημόριον]
1063 3741 1112 3794 ἀπὸ
1131 3746 1176 3812 τῆς
1194 3740 1322 3812 θαλάττης
1339 3742 1556 3816 ἀναπληρωθέντα

198 3830 245 3883 ὑπὸ
263 3827 501 3899 τῆςπλημμορίόος
524 3826 712 3899 ἐπιστρέφεσθαι
734 3828 860 3898 λέγουσιν,
887 3828 952 3880 ὥστε
971 3830 1013 3880 καλ
1032 3828 1114 3881 δοκεῖν
1136 3829 1186 3882 ἀπὸ
1204 3827 1331 3900 θαλάττης
1354 3830 1442 3902 ῥέοντα
1460 3834 1556 3885 ἀνιέναι

198 3919 238 3970 ἐπὶ
256 3918 288 3969 τά
307 3917 378 3987 ἕτερα
397 3917 460 3987 μέρη
567 3916 582 3966 l
607 3917 725 3968 hibernia
746 3916 829 3967 CHM
931 3917 1057 3980 bretapiis
1076 3915 1132 3982 (sie)
1153 3918 1189 3968 G:
1209 3918 1348 3971 britanniis
1366 3918 1452 3970 HMO

199 4007 214 4058 9
229 4014 288 4074 post
307 4003 389 4055 redire
407 4016 521 4054 οοιιιιιιιιιο
539 4004 647 4053 dietim!
666 4003 781 4054 Βοσόραν
889 4003 921 4055 10
944 4003 1112 4072 possidonius
1132 4004 1155 4054 G
1264 4006 1292 4057 ll
1314 4005 1445 4059 descernit
1465 4006 1503 4058 θ’

200 4093 231 4145 15
255 4090 439 4143 imbieilemG
549 4091 578 4142 17
604 4090 699 4143 clinare
721 4094 743 4143 G
850 4090 885 4143 ‘20
905 4108 994 4157 praece
1007 4091 1070 4154 sort.
1095 4089 1178 4160 ἐπειδὴ
1198 4093 1242 4144 καί
1260 4090 1328 4162 ὕδωρ
1347 4093 1373 4144 ἐν
1391 4092 1480 4164 λέβητι
1498 4091 1557 4163 dep

198 4177 348 4246 μαινόμενον
367 4178 412 4244 μέν
432 4176 540 4249 μετρίοις
557 4177 585 4229 τὸ
604 4185 704 4247 πρῶτον
727 4176 820 4230 ἀνοιδεῖ
836 4179 879 4230 καὶ
898 4177 1018 4250 ἐξαίρεται
1036 4177 1233 4251 ὑπερχεόμενον,
1258 4179 1413 4249 ἐπικειμένου
1432 4180 1458 4232 δέ
1479 4182 1557 4253 πυρὸς

198 4264 272 4322 selu<
290 4263 533 4333 καναναλισκόμενον
552 4263 669 4333 ὓριζάνει.
706 4265 788 4317 καίτοι
806 4266 848 4317 καί
866 4266 912 4335 τὴν
931 4266 1041 4337 μεχάλην
1060 4266 1186 4319 θάλατταν
1208 4265 1256 4319 ἀπὸ
1275 4272 1320 4320 τοῦ
1338 4266 1409 4336 ἡλίου
1429 4269 1475 4336 μέν
1495 4268 1558 4327 ἴσως

198 4354 301 4425 πάσχειν
320 4349 365 4403 ὅσα
384 4352 412 4404 τό
436 4353 462 4404 ἐν
480 4351 567 4422 λέβητι
590 4350 657 4424 ὕδωρ
676 4351 724 4405 ὑπὸ
747 4358 792 4404 τοῦ
817 4354 894 4425 πυρὸς
916 4352 1106 4417 πλεονάζοντος,
1132 4354 1180 4406 ὑπο
1203 4360 1249 4424 τῆς
1267 4355 1373 4424 σελήνης
1395 4353 1419 4406 δ’
1441 4352 1488 4408 ὅσα
1507 4355 1556 4409 ὑπὸ

197 4445 243 4511 τῆς
262 4438 382 4497 ἀσθενοῦς
401 4440 443 4492 καὶ
462 4441 566 4512 πρώτης
583 4438 751 4511 θερμότητος·
780 4439 846 4493 ὥστε
865 4442 908 4493 καὶ
927 4441 1125 4512 σομτεριοδεόειν
1150 4461 1181 4513 τη
1202 4441 1293 4511 σελήνη
1316 4443 1344 4495 τὸ
1363 4447 1409 4511 τῆς
1427 4441 1557 4514 θαλάττης

197 4532 267 4594 κῦμα
287 4556 318 4563 -
338 4527 389 4578 οίον
408 4525 545 4596 1ὀιτάιίτῆς
564 4529 778 4598 μετεωριζομένης
797 4529 841 4597 μέν
861 4528 904 4580 καὶ
922 4526 1004 4585 οὕτως
1016 4527 1167 4599 ἀσθενοΰσης
1186 4529 1349 4601 τλημμορεῖν,
1370 4529 1510 4600 βλεποίοσης
1528 4531 1555 4583 θ’

198 4615 232 4671 είς
254 4613 321 4666 obers
341 4599 519 4684 σονεχκλίνειν·
546 4614 576 4666 τό
599 4633 626 4666 τε
649 4615 709 4667 αὐτὸ
732 4622 809 4668 ποιεῖν
832 4615 875 4668 καὶ
898 4615 946 4667 ὑπὸ
970 4619 1016 4685 γῆς
1039 4615 1158 4685 ἀτιοίοσης
1182 4622 1228 4687 τῆς
1246 4617 1351 4688 σελήνης
1374 4616 1436 4669 καθ’
1458 4619 1557 4687 ἡμέραν

199 4702 307 4771 ἑκάστην
421 4701 451 4752 nl
481 4701 643 4771 intumescit]
664 4705 740 4756 escit
761 4704 797 4754 (λ’)
816 4705 839 4753 in
857 4721 910 4754 ras.
1021 4703 1144 4770 imposita
1162 4706 1217 4771 (sic)
1240 4704 1263 4755 G
1378 4704 1411 4757 23
1439 4707 1557 4759 onimio

197 4788 296 4858 compsi:
315 4790 402 4841 animo
424 4789 629 4842 0¹:11imioo²
721 4788 755 4842 ‘25
773 4790 913 4843 exaltatam
935 4788 962 4840 H
1049 4773 1204 4843 infirmatam
1224 4790 1265 4842 II:
1284 4791 1419 4862 adscripsit
1437 4796 1558 4861 αιοοιίη.

198 4877 223 4927 in
241 4896 319 4945 uterq.
340 4880 375 4929 G:
392 4875 527 4929 infirmitto
546 4875 603 4945 (sic)
