3524 5596
381 317 632 388 ARIST'OPHANIS
651 333 833 387 HISTORIAE
852 331 1044 387 ANIMALIUM
1062 331 1210 386 ΕΡΙΤΟΜΕ
1230 332 1242 384 Ι
1260 330 1371 385 93-99
1514 329 1556 395 29

256 528 287 568 τε
309 506 362 589 γὰρ
386 507 495 589 θερμοῦ
518 506 558 575 εἰς
581 506 691 591 ψυχρόν
714 506 747 569 τδ
770 509 826 568 πᾶν
848 505 980 589 ἀφῖκται,
1006 506 1040 569 ἐκ
1066 509 1117 567 τοῦ
1140 504 1283 589 συνήθους
1305 504 1346 572 εἰς
1367 501 1501 587 ἀσυνήθη
1514 506 1548 566 36

257 610 305 672 καὶ
327 609 368 677 εἰς
388 610 513 693 σκληρόν
536 609 569 672 ἐκ
593 612 735 691 μαλακοῦ.
1299 648 1303 658 ·
1462 610 1466 621 '

339 711 410 793 (94)
441 710 483 775 Τό
512 713 545 774 δὲ
576 713 651 793 γοίλα
682 711 715 773 τό
748 709 895 792 γινόμενον
928 709 958 773 ἐν
992 716 1054 780 ταῖς
1087 710 1223 779 κυούσαις
1252 709 1399 794 ἄχρηστον
1429 706 1501 770 εἶναι

256 812 358 891 οἴεται,
390 815 439 876 ἐὰν
471 816 511 898 μ“η
542 815 746 897 ἑπταμηνιαῖον
776 812 890 895 γένηται
919 814 952 875 τό
981 812 1093 897 κύημα·
1130 814 1178 876 καὶ
1208 812 1272 875 τότε
1301 810 1439 895 εύτροφον
1469 811 1501 872 τό
1516 826 1543 868 ιο

227 917 338 994 ογοίλα.
382 914 496 999 ἄριστον
523 918 555 979 δέ
577 918 650 998 γάλα
673 914 762 978 οἴεται
785 913 856 977 εἶναι
884 915 915 976 τό
938 915 1103 1000 παχύτατον
1129 916 1178 978 καὶ
1205 912 1384 997 κιρρότατον,
1412 913 1444 976 τό
1471 915 1503 977 δέ

255 1017 427 1082 λεπτότατον
454 1021 502 1082 καὶ
528 1020 629 1082 λευκόν
657 1020 874 1102 ἀτροφώτατον·
908 1018 941 1080 τό
969 1018 1021 1099 μὲν
1048 1018 1101 1100 γὰρ
1128 1017 1262 1101 λιπαρόν,
1290 1017 1322 1078 τό
1349 1017 1381 1078 δὲ
1408 1015 1501 1100 ξηρόν.

258 1124 345 1205 δῆλον
367 1121 399 1184 δὲ
423 1122 549 1185 ἐπὶτῶν
572 1126 680 1205 τυρῶν·
715 1122 742 1183 οἱ
768 1119 821 1202 γὰρ
844 1120 934 1203 κιρροὶ
961 1120 1009 1182 καί
1035 1121 1149 1204 λιπαροὶ
1176 1120 1223 1183 καὶ
1246 1117 1395 1203 τρόφιμοι,
1422 1121 1448 1181 οί
1471 1120 1504 1182 δέ

256 1225 355 1287 λευκοὶ
377 1223 520 1308 ἅθρεπτοί
539 1225 619 1297 εἰσιν,
642 1223 711 1287 όθεν
734 1224 781 1285 καὶ
803 1221 888 1305 ἧττον
911 1220 1054 1306 τρόφιμοι.

340 1327 412 1408 (95)
439 1326 522 1408 Λέγει
542 1327 573 1389 δέ
592 1324 762 1409 (παύεσθαι)
781 1325 817 1387 τόι
836 1327 998 1408 καταμήνια
1013 1328 1075 1393 ταῖς
1090 1323 1195 1407 γυναιξὶ
1211 1325 1275 1408 περὶ
1289 1325 1502 1408 τεσσαράκοντα
1517 1341 1543 1384 τε

217 1444 245 1488 10
256 1429 416 1511 γινομέναις
438 1427 501 1513 ἔτη·
529 1429 578 1491 ἐὰν
601 1429 633 1491 δέ
656 1428 805 1511 ὑπερβάλῃ
828 1433 928 1503 ταῦτα,
951 1426 1109 1511 παραμένει
1132 1426 1218 1510 μέχρι
1235 1431 1293 1490 τῶν
1315 1429 1500 1511 πεντήκοντα.

256 1534 304 1594 καὶ
327 1531 384 1615 ἤδη
407 1532 479 1601 τινὲς
501 1531 626 1614 ἐκύησαν
649 1530 766 1614 περὶτὰ
788 1532 965 1614 πεντήκοντα
986 1534 1130 1612 γεγονυῖαι
1152 1526 1214 1614 ἔτη.
1252 1531 1279 1592 οἱ
1301 1531 1333 1593 δέ
1354 1530 1454 1614 ἄνδρες
1475 1532 1502 1594 οἱ

255 1635 307 1717 μὲν
323 1638 453 1698 πλεῖστοι
471 1639 590 1715 γεννῶσι
606 1632 708 1718 μέχρις
723 1632 796 1695 ἐτῶν
812 1633 960 1717 ἑξήκοντα,
979 1632 1036 1715 ήδη
1056 1631 1089 1695 δέ
1103 1654 1175 1701 τινες
1190 1631 1343 1717 ἐγέννησαν
1358 1633 1504 1715 γεγονότες

255 1737 535 1821 ἐβδομηκονταετεῖς.
605 1736 676 1817 (96)
698 1735 846 1820 συμβαίνει
863 1735 895 1797 δέ
914 1736 961 1798 καλ
977 1733 1082 1818 ἄνδρας
1100 1736 1147 1798 καὶ
1161 1741 1298 1817 γυναῖκας
1312 1737 1502 1821 συμβιοῦντας
1514 1753 1543 1795 εν

255 1839 392 1923 ἀλλήλοις
411 1841 452 1922 μὴ
473 1843 657 1914 τεκνοποιεῖν,
677 1837 926 1922 μεταίευχθέντας
945 1838 977 1900 δὲ
995 1840 1104 1919 γεννᾶν.
1138 1835 1356 1922 όρεκτικώτεροι
1370 1840 1403 1902 δέ
1417 1841 1504 1925 ἀλλή

214 1957 241 2001 15
254 1946 312 2004 λων
335 1943 406 2026 πρός
428 1941 479 2010 τὰς
502 1941 650 2009 συνουσίας
673 1941 743 2004 εἰσὶν
763 1941 790 2002 οἱ
809 1940 860 2023 μὲν
875 1939 975 2023 ἄνδρες
990 1943 1144 2024 χειμῶνος,
1166 1941 1196 2003 αἱ
1212 1941 1244 2003 δέ
1259 1941 1374 2025 θήλειαι
1390 1942 1501 2026 θέρους.

337 2044 409 2127 (97)
436 2040 493 2106 Καὶ
516 2044 580 2127 περὶ
603 2045 655 2126 μὲν
677 2043 816 2126 γενέσεως
838 2044 868 2105 ἐν
889 2043 1046 2126 ἐπιδρομῆς
1069 2042 1149 2126 μέρει
1171 2044 1271 2113 οὕτως.
1308 2045 1373 2128 περὶ
1396 2046 1428 2108 δὲ
1450 2051 1502 2130 τῆς
1515 2062 1542 2104 νε

256 2148 381 2232 ἱστορίας
403 2146 633 2227 καθολικώτερον
656 2144 854 2230 ἐπιτρέχοντες
876 2146 968 2215 οὕτως
989 2144 1024 2209 ἂν
1047 2144 1187 2229 λέγοιμεν.

338 2248 409 2331 (98)
439 2246 524 2331 Μόνη
546 2253 603 2309 τῶν
626 2246 750 2310 διπόδων
772 2248 844 2331 γυνὴ
869 2250 1010 2332 ζῳοτοκεῖ
1029 2249 1065 2311 τὰ
1089 2248 1121 2310 δὲ
1143 2247 1218 2312 ἄλλα
1239 2249 1343 2312 δίποδα
1366 2247 1498 2337 ῳοτοκεῖ.

255 2351 328 2435 μόνη
355 2353 375 2435 ἡ
401 2351 471 2434 γυνή
500 2355 557 2413 τῶν
587 2348 739 2434 ζῳοτόκων
768 2349 911 2434 ὑπηνέμια
938 2350 1023 2413 τίκτει
1050 2351 1098 2413 τόν
1125 2349 1279 2434 λεγόμενον
1300 2347 1409 2436 Ὄσιριν
1436 2355 1466 2418 ἐν
1496 2353 1499 2440 1

198 2470 259 2514 οταν
275 2455 424 2537 Αἰγύπτῳ.
470 2455 611 2536 μαρτυρεῖ
639 2453 670 2515 δέ
693 2451 878 2536 Θεόφραστος
903 2452 1014 2535 λέγοντι
1036 2450 1231 2537 Ἀριστοτέλει
1253 2453 1319 2517 ἄνευ
1343 2442 1441 2540 ὀχείας
1463 2460 1501 2542 γί-

211 2575 238 2620 21
253 2560 353 2622 νεσθαι
369 2560 417 2620 τόν
432 2553 586 2638 λεγόμενον
603 2551 711 2638 Ὄσιριν
734 2555 828 2640 ἐντῷ
851 2554 974 2640 πέμπτῳ
996 2561 1053 2618 τῶν
1076 2555 1146 2640 Περὶ
1169 2552 1264 2641 ζῴων.
1333 2557 1405 2641 (99)
1428 2560 1501 2647 μόνη
1515 2577 1543 2620 ου

254 2663 325 2746 γονὴ
348 2660 497 2745 ήπιωτέρα
519 2660 567 2722 καὶ
590 2657 733 2742 πραοτέρα
756 2658 828 2741 μετὰ
850 2659 882 2721 τό
905 2661 1010 2734 τεκεῖν,
1037 2658 1072 2720 τὰ
1099 2658 1131 2721 δέ
1158 2657 1233 2723 ἄλλα
1260 2663 1324 2745 ζῷα
1349 2662 1427 2725 δεινὰ
1453 2666 1501 2728 καὶ

199 2885 217 2938 3
240 2885 269 2938 τό
288 2885 313 2937 δὲ
331 2882 406 2952 γαλα]
427 2884 505 2935 Arist.
519 2882 579 2933 hist.
592 2881 672 2932 anim.
685 2875 735 2931 H5
757 2895 782 2946 p.
796 2878 903 2931 585229
926 2878 954 2930 τὸ
973 2877 998 2930 δέ
1016 2877 1079 2947 γόλα
1096 2879 1125 2932 τό
1143 2880 1267 2949 γινόμενον
1286 2881 1404 2952 πρότερον
1422 2891 1474 2937 τῶν
1493 2886 1555 2939 ἑπτὰ

199 2979 290 3044 μηνῶν
313 2969 438 3041 ἄχρηστόν
463 2969 538 3020 ἐστιν·
567 2965 619 3018 ἀλλ’
641 2965 693 3034 ἅμα
716 2968 748 3018 τό
771 2985 799 3018 τε
822 2966 905 3018 παιδία
929 2966 1018 3034 γόνιμα
1044 2968 1086 3019 καὶ
1110 2966 1138 3020 τό
1163 2967 1225 3037 γάλα
1249 2970 1380 3040 χρήσιμον.
1417 2972 1449 3025 εί.
1468 2991 1555 3042 gener.

200 3063 280 3113 anim·
293 3058 343 3111 Ag
365 3055 509 3125 p,776·23
686 3053 702 3106 5
730 3052 839 3125 ἄριστον]
867 3053 1018 3106 Aristoteles
1043 3055 1074 3106 de
1098 3054 1164 3107 lacte
1187 3057 1306 3125 pluribus
1334 3060 1417 3112 verbis
1441 3062 1554 3115 in'hist.

200 3148 280 3200 anim.
294 3143 314 3198 Γ
328 3145 361 3197 20
371 3160 426 3212 sqq.
446 3159 471 3211 p.
485 3141 592 3195 5211217
616 3141 751 3205 dissemit,
769 3157 801 3193 ex
821 3141 915 3208 quibus
934 3140 1172 3214 conferenda-sunt
1195 3160 1220 3211 p.
1233 3144 1401 3198 52329-12
1425 3163 1483 3201 eum
1506 3150 1555 3202 hoc

199 3235 268 3287 loco.
301 3232 346 3285 sed
369 3247 434 3300 quae
453 3230 571 3298 pleniora
588 3230 631 3281 hic
649 3228 771 3296 leguntur
788 3227 858 3280 unde
877 3233 980 3295 sumpta
999 3230 1052 3281 sint
1070 3244 1123 3281 non
1142 3229 1224 3298 liquet
1346 3232 1361 3284 9
1381 3232 1455 3303 λέγει]
1474 3236 1555 3289 Arist.

200 3323 263 3375 hist.
275 3323 357 3374 enim.
369 3316 420 3371 Η5
439 3333 465 3384 p.
478 3317 568 3369 585b2
591 3314 696 3368 παύεται
713 3315 739 3368 δὲ
757 3322 810 3373 ταῖς
828 3314 920 3383 γυναιξὶ
938 3322 990 3373 ταῖς
1009 3317 1054 3383 μὲν
1072 3316 1196 3377 πλείσταις
1217 3319 1248 3370 τό
1269 3320 1411 3389 καταμήνια
1429 3323 1483 3393 περὶ
1500 3342 1555 3376 τετ-
1645 3344 1653 3357 ·

198 3412 341 3478 παρείκοντα
365 3407 422 3476 έτη,
444 3404 481 3462 αίς
504 3403 525 3455 δ’
539 3402 569 3456 ἂν
590 3402 716 3474 ύπερβάλη
738 3403 781 3455 τόν
802 3403 891 3473 χρόνον
909 3407 1005 3466 τοῦτον,
1022 3403 1130 3472 διαμένει
1149 3407 1222 3475 μέχρι
1240 3413 1292 3457 τῶν
1309 3408 1463 3478 πεντήκοντα
1483 3411 1554 3475 ἑτῶν,

199 3499 245 3550 καὶ
268 3497 317 3566 ήδη
339 3495 402 3551 τινές
421 3493 517 3544 ἔτεκον·
542 3488 621 3543 πλείω
645 3491 670 3544 δέ
693 3491 782 3560 χρόνον
806 3489 915 3558 ούδεμία.
951 3489 973 3542 ο1
995 3489 1013 3542 δ’
1030 3491 1114 3560 ἄνδρες
1132 3493 1155 3544 ο1
1174 3494 1218 3561 μὲν
1236 3492 1344 3547 πλεῖστοι
1361 3502 1462 3565 γεννῶσι
1480 3499 1555 3569 μέχρι

200 3583 324 3653 ἐξήκοντα
337 3582 410 3644 έτων,
428 3578 487 3632 όταν
505 3577 525 3630 δ’
540 3576 666 3649 δπερβόλη
685 3581 773 3642 ταῦτα,
791 3580 865 3649 μέχρι
884 3578 1069 3647 ἐβδομήκοντα·
1095 3580 1137 3630 καὶ
1156 3579 1204 3649 ήδη
1223 3582 1285 3640 τινές
1297 3583 1468 3653 γεγεννήκασιν
1486 3584 1555 3653 ἑβδο-

200 3672 317 3741 μήκοντα
335 3670 399 3722 ἐτῶν
417 3667 485 3725 όντις
594 3664 625 3716 13
644 3663 781 3735 συμβαίνει]
801 3665 881 3716 Arist.
894 3666 954 3718 hist.
968 3668 1046 3718 anim.
1059 3663 1109 3718 Ηύ
1128 3665 1255 3734 p585b8
1273 3669 1399 3738 συμβαίνει
1417 3669 1442 3722 δέ
1456 3670 1555 3731 πολλοῖς

200 3759 245 3810 καλ
263 3756 364 3814 πολλαῖς
382 3752 474 3824 γυναιξὶ
492 3755 535 3805 καὶ
554 3753 653 3822 ἀνδράσι
671 3751 726 3820 μετ’
741 3751 857 3821 ἀλλήλων
876 3753 921 3820 μέν
940 3755 1133 3823 συνεζευγμένας
1152 3755 1187 3823 μὴ
1211 3754 1329 3807 δύνασθαι
1350 3758 1553 3824 τεκνοποιεῖσθαι,

200 3843 366 3914 διαζευχθεῖσι
384 3842 410 3896 δέ
534 3842 565 3893 14
589 3839 791 3910 όρεκτικιίντεροι]
811 3841 964 3893 Ατ181.1ιί31.
977 3842 1056 3892 anim.
1070 3837 1120 3893 Ε8
1138 3858 1164 3909 p.
1177 3841 1284 3894 542232
1309 3842 1369 3914 όργᾷ
1387 3844 1413 3897 δὲ
1431 3845 1490 3915 πρός
1508 3848 1555 3917 τήν

200 3933 299 4000 ὁμιλίαν
317 3939 368 3984 τῶν
386 3927 528 4001 ἀνθρώπων
547 3928 575 3979 τό
594 3929 638 3995 μὲν
657 3929 729 3997 ἄρρεν
747 3928 828 3997 ἐντῷ
846 3934 951 3998 χειμῶνι
969 3927 1076 3997 μᾶλλον,
1094 3928 1123 3981 τό
1141 3928 1167 3981 δὲ
1186 3927 1251 4000 θήλυ
1270 3932 1295 3984 ἐν
1313 3935 1350 4002 τῳ
1368 3929 1433 4003 θέρει

202 4020 235 4072 18
254 4017 330 4088 μόνη]
349 4020 429 4071 Arist.
442 4019 502 4070 hist.
516 4018 595 4069 anim.
608 4013 652 4068 El
674 4033 698 4085 ρ.
712 4014 819 4068 539114
841 4016 953 4085 ζῳοτόκα
972 4014 991 4068 δ’
1005 4017 1056 4069 ἐστὶ
1074 4022 1126 4067 τῶν
1142 4018 1299 4086 τετραπόδων
1318 4018 1378 4082 ίνια,
1397 4021 1440 4072 καὶ
1458 4019 1554 4090 ἅνθρω-

199 4125 247 4166 πος
264 4113 317 4158 τῶν
334 4106 440 4159 διπόόων
459 4104 533 4173 μόνον
672 4103 706 4155 90
728 4100 897 4175 Ἀριστοτέλει]
916 4120 971 4156 non
989 4108 1060 4157 extet
1079 4104 1150 4157 locus
1290 4106 1331 4160 21.
1345 4106 1377 4159 22
1400 4107 1462 4178 μόνη
1481 4108 1554 4179 γυνή]

200 4196 282 4248 Arist.
295 4193 419 4262 problem.
433 4190 443 4244 1
456 4191 490 4245 35
511 4209 535 4260 p.
545 4190 657 4243 894119
680 4190 720 4243 διὰ
740 4192 764 4243 τί
784 4197 836 4244 τῶν
857 4192 929 4263 ζῳων
950 4193 981 4244 τὰ
1002 4193 1046 4259 μὲν
1067 4191 1164 4263 χαλεπαί
1183 4193 1234 4245 ἐστι
1253 4195 1315 4261 μετὰ
1333 4193 1375 4246 τόν
1392 4194 1481 4260 τόκον,
1504 4196 1573 4248 οἷον.

199 4282 271 4335 κύων
290 4284 333 4335 καὶ
351 4280 387 4346 ὗς,
405 4281 437 4333 τὰ
450 4278 476 4332 δὲ
489 4278 559 4333 οὐδὲν
572 4278 703 4348 ἐπιδήλως,
722 4278 771 4331 οἶον
784 4279 854 4349 γυνή,
872 4280 1007 4349 πρόβατον;
1033 4279 1048 4348 ή
1068 4278 1105 4331 ότι
1123 4278 1168 4332 ὅσα
1186 4281 1230 4347 μὲν
1249 4284 1553 4353 περιττωματικὰπραέα;

199 4371 335 4440 ἀπέρχεται
354 4370 399 4438 γόρ
418 4369 443 4420 ἐν
461 4371 498 4438 τῷ
516 4367 586 4436 τόκῳ
603 4367 635 4418 τὰ
653 4365 787 4419 λυποῦντα.
817 4366 850 4420 cf.
869 4369 929 4421 hist.
942 4368 1021 4420 anim.
1034 4365 1086 4422 Ζ4
1108 4383 1133 4434 ρ.
1146 4366 1255 4420 562192

203 4560 362 4629 1συνήθους
380 4560 439 4623 (sie)
457 4557 490 4610 P:
516 4556 623 4628 στήθους
640 4559 707 4611 Rose
808 4558 956 4627 202dppdv
972 4559 1053 4611 Rose:
1078 4557 1209 4627 κληρόνΡ
1314 4558 1472 4631 δόθριπτοί
1489 4563 1555 4628 εἰσιν,

199 4645 257 4700 ede
275 4648 355 4700 Rose:
378 4645 515 4717 ἀθρεπτεῖς.
543 4644 637 4700 όθινΡ
737 4646 851 4717 τρόφιμοι
870 4648 950 4699 Rose:
974 4646 1093 4716 τρόφιμον
1110 4650 1140 4698 ut
1158 4647 1296 4700 videtur?
1401 4648 1557 4703 9παύεσθαι

199 4735 301 4787 addidit
319 4735 387 4787 θυαε
506 4735 538 4786 10
560 4735 696 4803 γινομέναις
714 4733 758 4804 ίτη
778 4735 858 4786 Rose:
883 4734 1009 4804 γινομένας
1028 4734 1078 4787 ἐστι
1097 4735 1116 4786 Ρ
1240 4735 1270 4787 14
1294 4735 1504 4808 μεταζιυχθέντας
1521 4739 1555 4791 P:

198 4821 389 4893 διαζευχθέντας
407 4839 440 4876 ex
459 4824 539 4875 Arist.
553 4838 631 4890 supra
648 4824 694 4875 cit.
707 4822 810 4890 Sauppe
915 4821 1104 4892 όρεκτικόιτεροι
1122 4822 1228 4892 Sauppe¹
1243 4821 1286 4888 (cf.
1298 4840 1323 4892 p.
1332 4823 1374 4890 30,
1383 4825 1436 4890 13):
1455 4824 1555 4896 όρειιτό-

199 4912 304 4983 τεροιΡ
424 4911 509 4962 11.1ύ
532 4910 648 4979 ἀλλήλων
666 4910 781 4978 Sauppe:
807 4908 960 4980 ἀλλήλοιςΡ
1075 4911 1106 4962 21
1130 4918 1181 4964 τῶν
1200 4913 1304 4981 scripsi:
1328 4912 1403 4985 τῷΡ
