3510 5610
298 294 302 301 ¹
330 304 579 359 ARISTOPIIANIS
598 304 782 357 HISTORIAE
802 304 993 357 ANIMALtUM
1013 302 1159 356 EPITOME
1179 304 1189 356 I
1209 303 1321 355 23-26
1484 306 1504 371 5

199 479 288 562 γλαὺξ
311 480 392 549 ἐλεδς
414 480 484 565 βύας
506 478 674 563 νυκτικόραξ
691 479 826 561 αἰγωλιδς
848 481 943 563 σκώψ,
966 477 1111 541 θαλάσσια
1134 478 1166 540 δὲ
1188 477 1302 542 ἀλκυὼν
1325 480 1496 563 κηρυλοςλθ

198 583 299 646 αίθυια
324 586 411 669 λάρος
436 584 591 668 χαραδριδς
617 582 816 666 καταρράκτης
839 580 949 666 κέπφος
978 580 1101 663 κίγκλος.
1146 580 1219 664 ὑπὲρ
1248 581 1280 644 δὲ
1308 585 1360 644 τού
1386 580 1449 667 βίου

198 686 377 750 τούτωνκαὶ
400 691 452 770 τῆς
474 690 588 770 μορφῆς
610 685 658 748 καλ
680 682 810 747 καθόλου
833 688 890 746 τῶν
918 682 1013 746 ἄλλων
1042 682 1164 766 ὀρνίθων
1191 683 1221 746 ἐν
1248 687 1291 768 τῷ
1320 685 1447 768 τετάρτῳ

198 791 334 873 δηλώσω.
414 787 485 872 (24)
509 789 644 871 ποτάμιοι
667 785 699 850 δέ
721 786 777 850 εἰσι
798 791 855 849 τῶν
879 786 1002 871 όρνίθων
1025 786 1087 869 ἅμα
1109 787 1157 849 καὶ
1180 789 1304 870 λιμναῖοι
1325 785 1476 850 πελεκδνο

167 894 396 977 σκαταρραὶκτης
417 892 474 976 χὴν
498 889 594 975 ἄγριος
617 890 695 958 ἐωνλς
717 890 840 974 φαλαρὶς
861 889 963 959 κύκνος
988 889 1037 953 καὶ
1060 887 1144 951 ἄλλα.
1189 893 1313 974 χερσαῖα
1340 889 1372 953 δέ
1393 889 1448 952 είσι

197 995 295 1077 πέρδιξ
317 996 441 1078 ἀτταγὴν
464 994 565 1057 καὶτὸ
588 997 645 1055 τῶν
668 996 841 1076 περιστερῶν
864 991 945 1075 γένος
967 992 1015 1054 καὶ
1037 990 1112 1054 ἄλλα
1136 991 1230 1074 μυρία.
1306 991 1378 1075 (25)
1400 1016 1448 1056 κα·

196 1097 287 1161 θύλου
311 1098 343 1161 δὲ
364 1100 421 1160 τῶν
444 1092 530 1180 ζῴων
554 1096 573 1159 ἃ
596 1094 647 1179 μέν
670 1095 731 1158 ἐστι
753 1098 832 1179 πρᾷα
855 1094 902 1157 διδι
923 1092 1038 1169 παντός,
1062 1097 1102 1162 ὡς
1124 1093 1266 1180 πρόβατον
1293 1096 1341 1159 καλ
1369 1096 1447 1180 βοδς,

196 1201 232 1262 τὰ
261 1200 294 1262 δὲ
323 1201 465 1282 θυμοειδῆ
491 1198 540 1261 καί
567 1198 685 1282 ἀμαθῆ,
714 1197 847 1281 καθάπερ
874 1195 921 1273 ύς,
951 1197 987 1259 τὰ
1013 1197 1046 1259 δὲ
1072 1197 1151 1260 δειλὰ
1178 1197 1224 1260 καί
1251 1196 1377 1282 ἄφρονα,
1406 1200 1447 1266 ὡς

197 1301 318 1387 ἔλαφος,
347 1301 383 1364 τὰ
410 1301 442 1365 δὲ
464 1301 602 1386 ἐπίβουλα
628 1302 676 1364 καὶ
698 1299 887 1384 ἀνελεύθερα,
915 1303 956 1368 ὡς
976 1300 1015 1396 ἱτὸ
1037 1305 1094 1362 τῶν
1117 1297 1213 1384 ὄφεων
1235 1299 1330 1382 γένος,
1357 1300 1393 1363 τὰ
1415 1301 1448 1363 δέ
1461 1318 1488 1359 ιο

155 1421 183 1465 ιο
196 1405 348 1490 ἐλευθέρια
370 1405 418 1467 καὶ
440 1408 565 1487 γενναῖα,
589 1407 630 1473 ὡς
652 1403 737 1478 λέων,
759 1401 796 1464 τὰ
818 1397 850 1464 δέ
872 1401 1014 1488 ἐπίβουλα
1036 1401 1084 1465 καὶ
1107 1401 1267 1481 ἐπιθετικοί,
1290 1406 1330 1473 ὡς
1351 1403 1446 1483 λύκος,

195 1509 232 1571 τὰ
252 1509 285 1570 δὲ
306 1506 432 1592 φρόνιμα
457 1507 506 1570 καὶ
533 1510 693 1588 κακοῦργοι,
721 1507 761 1574 ὡς
789 1504 924 1587 ἀλώπηξ,
950 1503 986 1567 τὰ
1011 1505 1045 1567 δὲ
1070 1504 1372 1589 συνανθρωπευύμενα
1397 1508 1446 1570 καλ

196 1611 373 1685 οἰσπαστικοί,
396 1612 437 1679 ὡς
458 1609 546 1688 κύων,
569 1608 605 1671 τὰ
627 1609 660 1671 δὲ
680 1608 809 1692 φθονερὰ
832 1607 879 1670 καὶ
902 1605 1055 1692 φιλύκαλα,
1079 1609 1119 1676 ὡς
1140 1610 1227 1677 ταώς.
1264 1608 1370 1672 καὶτὰ
1393 1610 1444 1692 μὲν

195 1713 421 1797 συναγελαστικὰ
447 1713 496 1775 καὶ
518 1713 695 1796 φιλάλληλα,
724 1713 764 1780 ὡς
786 1709 914 1794 γέρανοι,
940 1710 976 1773 τὰ
1002 1711 1035 1773 δὲ
1062 1712 1174 1795 μονήρη
1201 1712 1249 1775 καλ
1271 1711 1381 1797 ἐχθροί,
1405 1715 1445 1782 ὡς
1459 1731 1486 1774 ιο

196 1817 297 1885 ἰκτῖνες
323 1816 370 1879 καλ
398 1814 434 1878 τὰ
460 1814 549 1888 ἄλλα,
575 1813 611 1876 τὰ
637 1814 670 1876 δὲ
696 1812 921 1895 συναγελαστικὰ
948 1812 1009 1897 ἅμα
1034 1813 1081 1876 καὶ
1109 1814 1237 1897 μονήρη,
1266 1816 1307 1883 ὡς
1334 1814 1445 1900 ἄνθρω-

82 1954 86 1964 ·
152 1936 181 1979 15
193 1943 251 1982 ποι.
316 1917 388 2002 (26)
410 1915 452 1981 ἔτι
474 1918 506 1980 δὲ
522 1922 580 1980 τῶν
598 1913 683 2001 ζιβων
703 1915 739 1979 τὰ
754 1915 806 1999 μέν
821 1914 883 1979 ἐστι
904 1917 1045 1992 πολιτικά,
1068 1918 1108 1985 ὡς
1124 1916 1241 1999 μέλιττα
1256 1917 1304 1980 καλ
1320 1918 1443 2003 μύρμηξ,

193 2023 284 2085 τὰδὲ
306 2021 511 2105 ἐπιδημητικά,
534 2021 575 2089 ιθς
593 2018 711 2102 γέρανος
733 2020 782 2082 καὶ
804 2017 889 2095 ἄλλα,
911 2018 947 2081 τὰ
969 2019 1001 2081 δὲ
1023 2018 1165 2103 οἰκητικοί,
1188 2022 1229 2088 ὡς
1245 2019 1387 2097 ἀσπαλαξ,
1408 2023 1446 2085 τὰ

142 2263 151 2313 1
179 2259 312 2328 θαλάσσια]
333 2258 411 2310 Arist.
425 2254 475 2310 83
493 2272 518 2324 p.
531 2256 640 2309 583512
663 2259 718 2327 περὶ
736 2256 762 2309 δὲ
780 2257 826 2327 τὴν
844 2256 971 2309 θάλατταν
989 2258 1032 2310 καὶ
1051 2256 1153 2310 ἁλκυὼν
1175 2258 1218 2309 καὶ
1237 2255 1344 2328 κήρυλος
1358 2294 1364 2307 .
1378 2294 1385 2307 .
1399 2294 1405 2307 .
1419 2259 1456 2312 έτι
1473 2260 1499 2313 δέ

136 2349 212 2418 λάρος
230 2347 243 2400 6
262 2346 350 2404 λευκὸς
368 2346 411 2397 καὶ
429 2346 537 2414 κίπφος,
556 2344 650 2409 αίθυια,
669 2345 800 2416 χαραδριός
943 2345 958 2395 ‘2
982 2343 1168 2414 καταρράκτης]
1188 2345 1269 2398 Arist.
1280 2347 1342 2398 hist.
1355 2345 1454 2400 anim.l
1468 2349 1498 2400 12

137 2454 165 2505 p.
175 2435 283 2488 615228
300 2433 313 2486 6
327 2433 352 2486 δέ
365 2435 540 2503 καταρράκτης
552 2433 584 2504 ξι]
597 2434 642 2501 μὲν
655 2435 709 2505 περὶ
721 2430 846 2486 θάλατταν
935 2432 1047 2502 κίγκλος]
1061 2433 1142 2485 Arist.
1155 2433 1172 2484 l.
1183 2449 1205 2485 e.
1215 2432 1324 2487 615220
1341 2436 1386 2488 είσὶ
1399 2435 1425 2488 δέ
1436 2454 1498 2494 τινες

136 2524 164 2575 οἳ
179 2525 235 2591 περὶ
252 2522 298 2591 τὴν
317 2519 442 2574 θάλατταν
461 2520 563 2589 βιοῦσιν,
582 2520 632 2572 οἶον
650 2521 752 2590 κίγκλος
849 2522 865 2573 4
885 2519 1013 2589 ποτάμιοι]
1032 2521 1111 2573 An'st.
1125 2521 1185 2573 hist.
1198 2518 1335 2574 συίιιι.Θ3
1353 2522 1497 2589 μ.5931)15

136 2618 190 2663 τῶν
208 2610 234 2662 δέ
258 2607 443 2678 στεγανοπόδων
467 2608 498 2658 τὰ
521 2607 566 2674 μέν
589 2606 711 2679 βαρύτερα
734 2610 789 2678 περὶ
812 2609 939 2676 ποταμούς
961 2610 1004 2661 καὶ
1026 2607 1113 2675 λίμνας
1131 2608 1209 2672 ἐστίν,
1233 2607 1283 2660 οἶον
1306 2607 1397 2669 κύκνος
1420 2615 1498 2681 νῆττα

137 2698 243 2768 φαλαρὶς
265 2696 398 2764 κολυμβίς,
424 2695 460 2747 ἔτι
486 2695 578 2764 βόακας
603 2695 686 2764 όμοιος
709 2696 754 2763 μὲν
777 2695 855 2765 νδττγγ
878 2695 907 2749 τὸ
932 2696 958 2748 δέ
982 2693 1086 2764 μέγεθος
1110 2693 1221 2746 ἐλάττων
1242 2696 1286 2748 καὶ
1308 2694 1322 2748 δ
1345 2696 1497 2766 καλούμενος

138 2785 216 2855 κόραξ
229 2825 236 2837 .
250 2824 257 2837 .
271 2823 277 2836 .
291 2785 327 2836 ἔτι
346 2784 395 2853 χήν
414 2790 462 2835 etc.
594 2780 712 2849 πελεκάν]
732 2784 813 2835 Arist.
827 2784 888 2836 hist.
901 2784 980 2835 anim.
995 2780 1049 2835 110
1067 2799 1093 2850 p.
1107 2782 1216 2835 eltb‘te
1239 2782 1261 2834 ο1
1279 2782 1305 2835 δέ
1324 2783 1456 2844 πελικᾶνες
1474 2787 1497 2839 et

137 2874 234 2931 ἐντοῖς
252 2878 372 2939 ποταμοῖς
390 2871 512 2940 γινόμενοι
625 2869 642 2922 5
666 2869 852 2940 καταρράκτης]
872 2873 939 2923 inter
958 2869 1104 2941 σγμξόποδας
1123 2871 1167 2938 qui
1186 2871 1290 2940 περὶτὰ
1308 2868 1386 2924 ὕδατα
1404 2875 1497 2926 καὶτὰ
1553 2872 1557 2878 ’

137 2960 181 3030 ἕλη
202 2958 353 3028 βιοτεύουσιν
372 2962 526 3011 memoratur
547 2957 580 3010 ab
599 2957 739 3010 Aristotele
758 2959 818 3010 hist.
831 2959 910 3010 anim.
924 2956 934 3010 1
949 2958 979 3010 1⁴2
998 2975 1024 3026 p.
1038 2957 1146 3011 615128
1280 2958 1359 3028 1ων1ς]
1380 2961 1442 3028 quid
1462 2963 1496 3014 sit

137 3063 192 3099 nen
210 3047 305 3114 liquet:
329 3047 434 3098 anullo
454 3048 522 3098 enim
542 3045 665 3112 scriptore
685 3048 838 3098 memoratur
985 3046 1000 3098 6
1024 3044 1120 3114 πέρδιξ]
1139 3046 1235 3098 Athen.
1248 3046 1288 3099 IX
1303 3046 1372 3098 3892
1394 3048 1455 3117 φησλ
1473 3047 1493 3100 δ’

135 3133 303 3202 Ἀριστοτέλης
321 3135 438 3203 περὶτοῦ
457 3134 522 3203 ζῴου
541 3131 611 3184 τάδε·
633 3130 646 3184 ύ
664 3131 747 3202 πέρδιξ
766 3132 818 3185 ἔστι
836 3135 881 3200 μέν
899 3141 1021 3204 χερσαῖος,
1038 3132 1200 3203 σχιδανόπους
1218 3132 1273 3186 κτλ.
1381 3134 1396 3185 7
1415 3137 1495 3188 Arist.

135 3223 197 3274 hist.
210 3223 289 3273 anim.
304 3219 349 3274 Al
370 3238 396 3289 p.
409 3219 518 3272 488b13
536 3222 569 3272 τὰ
586 3220 631 3288 μέν
650 3221 695 3288 γάρ
714 3220 765 3271 ἐστι
783 3227 850 3291 πρᾶα
868 3223 911 3274 καὶ
929 3221 1043 3288 δύσθυμα
1062 3223 1105 3274 καλ
1124 3219 1170 3272 ούκ
1189 3221 1333 3284 ἐνστατικά,
1358 3220 1409 3273 οίον
1428 3221 1496 3290 βοῦς,

135 3311 167 3361 τὰ
184 3309 211 3361 δέ
229 3308 335 3378 θυμώδη
355 3309 398 3360 καὶ
416 3308 547 3360 ἐνστατικὰ
566 3309 609 3359 καὶ
627 3304 724 3376 ἀμαθῆ,
743 3307 792 3359 οίον
811 3307 839 3366 ύς
857 3308 948 3378 ἄγριος,
966 3309 999 3360 τὰ
1017 3307 1043 3360 δέ
1061 3307 1168 3377 φρόνιμα
1186 3310 1229 3362 καὶ
1242 3308 1319 3371 δειλά,
1337 3308 1388 3361 οίον
1404 3308 1495 3378 ἔλαφος

135 3395 266 3457 δασύπους,
283 3397 315 3448 τὰ
332 3396 358 3448 δὲ
377 3392 524 3465 ἀνελεύθερα
543 3396 586 3447 καὶ
604 3394 730 3463 ἐπίβουλα,
749 3395 799 3447 οἷον
818 3395 841 3446 et
854 3394 929 3465 όφεις,
948 3396 980 3447 τὰ
998 3394 1024 3447 δέ
1037 3393 1163 3465 ἐλευθέρια
1177 3397 1220 3449 καὶ
1232 3395 1328 3466 ἀνδρεῖα
1340 3399 1384 3450 καὶ
1397 3396 1494 3466 εύγενῆ,

135 3484 186 3536 σόον
208 3483 286 3547 λέων,
308 3484 340 3535 τὰ
363 3482 388 3534 δέ
411 3489 507 3551 γενναῖοι
531 3484 574 3536 καὶ
597 3483 668 3555 ἄγρια
691 3484 735 3534 καὶ
757 3482 887 3552 ἐπίβουλα,
911 3483 962 3536 οἶον
980 3481 1057 3541 λύκος
1072 3518 1079 3532 .
1093 3519 1099 3532 .
1113 3519 1120 3532 .
1133 3485 1176 3536 καλ
1194 3484 1226 3536 τὰ
1243 3484 1289 3552 μέν
1306 3489 1432 3554 πανοῦργα
1451 3486 1495 3538 καὶ

135 3573 277 3640 κακοῦργα,
300 3569 350 3622 οἷον
368 3569 486 3640 ἀλώπηξ,
509 3571 541 3622 τὰ
558 3569 584 3622 δέ
603 3568 698 3637 θυμικιὶ
715 3571 758 3622 καὶ
777 3569 895 3640 φιλητικὰ
914 3570 957 3622 καλ
975 3570 1134 3636 θωπευτικά,
1158 3571 1208 3623 οἶον
1226 3570 1308 3636 κύων,
1331 3571 1363 3623 τὰ
1381 3570 1406 3622 δέ
1425 3574 1493 3640 πρᾷα

135 3659 179 3711 καὶ
197 3655 383 3721 τιθασστυτικοί,
401 3658 451 3709 οἷον
470 3657 572 3728 ἐλέφας,
590 3659 622 3710 τὰ
639 3657 658 3710 δ’
674 3657 826 3728 αίσχυντηλδ
843 3659 887 3710 καὶ
904 3657 1060 3727 φυλακτικά,
1082 3657 1132 3710 οίον
1150 3658 1213 3728 χήν,
1230 3660 1262 3710 τὰ
1280 3657 1306 3710 δέ
1324 3656 1432 3728 φθονερὰ
1450 3659 1494 3711 καὶ

135 3744 268 3815 φιλύκαλα,
287 3744 336 3796 οἷον
354 3745 423 3804 ταώς
528 3745 559 3798 13
578 3744 782 3814 συναγελαστικά]
801 3745 834 3798 ef.
847 3746 927 3798 Arist.
940 3747 1001 3798 hist.
1013 3747 1093 3798 anim.
1106 3744 1153 3798 Al
1173 3761 1199 3813 p.
1211 3744 1456 3798 4871233-48828

138 3833 168 3884 14
194 3834 282 3891 ἰκτῖνες
300 3835 343 3885 καὶ
361 3835 391 3885 τὰ
410 3832 484 3901 ἄλλα]
504 3832 536 3885 ct.
551 3832 608 3885 Ael.
621 3837 674 3884 net.
687 3835 765 3885 anim.
776 3832 842 3885 V48
861 3836 897 3899 (p.
911 3832 1153 3899 131,28-132‚20
1163 3833 1207 3897 H.)
1317 3832 1349 3885 15
1367 3831 1492 3897 πολιτικά,

134 3920 170 3979 ὡς
193 3919 308 3989 μέλιττα]
328 3922 407 3973 Arist.
420 3921 480 3973 hist.
494 3920 574 3972 anim.
587 3917 633 3971 Al
659 3939 683 3986 p.
695 3919 786 3972 48817
810 3919 926 3973 πολιτικά
948 3919 967 3972 δ’
985 3921 1050 3973 ἐστὶν
1073 3920 1109 3972 ὧν
1133 3919 1158 3972 ἐν
1181 3938 1205 3972 τι
1229 3921 1272 3973 καὶ
1295 3919 1378 3972 κοινδν
1401 3920 1491 3988 γίνεται

109 4030 111 4035 ’
133 4011 235 4061 πάντων
247 4008 276 4060 τδ
295 4008 377 4079 ἔργον·
402 4007 462 4078 ὅπερ
480 4007 510 4060 ού
523 4009 602 4059 πάντα
615 4015 680 4060 ποιεῖ
695 4008 727 4059 τά
745 4006 853 4075 ἀγελαῖα.
884 4006 935 4060 ἔστι
953 4006 979 4060 δέ
997 4012 1108 4060 τοιοῦτον
1126 4005 1267 4078 ἅνθρωπος,
1285 4006 1397 4076 μέλιττα,
1415 4005 1489 4077 σφίγξ,

134 4094 249 4167 μύρμηξ,
271 4097 371 4166 γέρανος
385 4131 392 4143 .
406 4130 413 4143 .
426 4130 433 4143 ·
447 4095 489 4147 καὶ
511 4096 543 4148 τὰ
565 4096 610 4163 μὲν
634 4095 802 4165 ἐπιδημητικὰ
827 4096 869 4147 καὶ
892 4100 944 4147 τῶν
966 4093 1088 4164 ἀγελαίων
1106 4096 1149 4147 κοιλ
1167 4102 1219 4148 τῶν
1237 4095 1392 4164 μοναδικῶν,
1415 4095 1447 4146 τδ
1465 4093 1492 4146 δέ

133 4184 294 4235 ἐκτοπιστικά
403 4181 433 4233 16
457 4181 567 4251 γέρανος]
588 4182 620 4234 cf.
638 4182 718 4235 Arist.
731 4184 791 4236 hist.
805 4184 883 4235 anim.
897 4179 917 4235 Θ
930 4181 961 4234 12
980 4199 1005 4250 p.
1018 4181 1247 4236 59724-597b3
1353 4181 1396 4234 καλ
1415 4180 1490 4251 ἄλλα]

134 4271 166 4322 cf.
185 4272 263 4322 Arist.
277 4271 336 4322 hist.
349 4270 428 4321 enim.
442 4265 506 4320 812
527 4269 719 4336 ρ.59”11>3-5
878 4269 910 4322 τὰ
931 4268 956 4321 δὲ
979 4269 1107 4339 οἰκητικόι]
1131 4270 1162 4323 cf.
1182 4271 1261 4323 Arist.
1273 4269 1334 4322 hist.
1346 4270 1427 4321 enim.
1441 4267 1488 4321 Al

133 4375 159 4426 p.
168 4357 277 4410 488120
295 4359 338 4410 καὶ
356 4357 444 4423 τὰμὲν
458 4356 617 4425 οίκητικὰτὰ
632 4356 753 4419 δέάοικα,
772 4357 889 4426 οίκητικὰ
907 4357 953 4424 μέν
971 4356 1021 4409 οἷον
1039 4356 1159 4423 ἀσπάλαξ,
1177 4361 1233 4426 μῦς,
1252 4355 1361 4427 μύρμηξ,
1379 4355 1490 4425 μέλιττα,

132 4447 206 4499 ἄοικα
225 4444 251 4498 δὲ
268 4445 350 4499 πολλὰ
367 4450 418 4497 τῶν
437 4444 548 4512 ἐντόμων
566 4445 610 4496 καὶ
628 4449 679 4495 τῶν
697 4444 858 4514 τετραπόδων

135 4664 147 4714 l
172 4660 286 4731 αἰγωλιδς
304 4661 380 4732 σκώψ
399 4663 478 4714 Roee:
502 4657 601 4728 ἐττηλιός
619 4657 681 4728 κιύψ
699 4659 719 4712 Ρ
863 4656 971 4728 κήρυλος
988 4657 1069 4712 Arist.
1088 4657 1207 4730 (κηρύλος
1224 4661 1316 4725 Ιλοεελι
1340 4660 1448 4731 κήρυκες
1466 4660 1486 4713 Ρ

134 4760 261 4853 θαίθθΡ
351 4799 451 4867 κίγκλος
470 4800 551 4852 Rose:
570 4798 676 4868 κόγκλος
694 4798 770 4850 sieP
853 4796 995 4865 όλιμναῖοι
1012 4798 1089 4850 eieP
1173 4795 1276 4848 761³:
1295 4797 1402 4849 tortasse
1421 4796 1452 4847 τιὶ

134 4892 199 4958 πρᾷα
217 4887 322 4956 scripsi:
348 4886 430 4955 πρασιὶ
448 4886 482 4938 P:
506 4887 585 4956 πραέα
604 4887 673 4938 Rose
782 4883 812 4935 15
835 4883 871 4936 ἐτι
890 4885 971 4937 Rose:
991 4881 1046 4937 Ὅτι
1064 4899 1147 4937 errore
1165 4883 1371 4938 rubricatorisP
