3510 5610
280 314 341 377 144
426 313 679 368 ARISTOPHANIS
697 314 882 369 HISTORIAE
901 314 1094 371 irruimus
1112 313 1261 370 Erlrorrr
1278 316 1303 371 11
1321 316 1472 373 574-578

330 483 362 545 δὲ
390 486 439 548 καὶ
466 486 499 549 τύ
526 486 691 571 έπίπλο)ον·
719 488 812 572 χολὴν
835 489 887 571 μέν
915 486 993 574 ἔχει,
1015 488 1090 553 ἀλλὰ
1118 490 1197 574 παρὰ
1219 491 1251 553 τό
1278 488 1392 575 ἔντερον
1420 487 1584 575 κε<χυμένιγ

330 586 490 669 εὑρίσκεται
512 588 608 673 αύτ>η.
716 589 809 672 (575)
842 590 972 674 λε’γονται
1000 592 1033 655 δέ
1058 616 1132 661 τινες
1159 593 1241 657 ίπποι
1269 594 1318 657 καί
1339 592 1456 678 ήμίονοι
1482 590 1584 657 ὀστέον

331 686 409 773 ἔχειν
432 692 462 754 ἐν
484 698 521 775 τῇ
542 692 646 776 καρδία
660 690 798 754 νεανικόν.
908 693 1002 776 (576)
1034 695 1127 779 σπλὴν
1143 693 1247 780 βύειος,
1269 698 1367 781 νεφροί
1384 694 1470 770 ύικοί,
1485 694 1585 777 κύστις

331 790 463 876 στερ(ροί·
490 796 570 857 καίτω
586 795 618 857 δὲ
633 797 652 879 ἡ
670 795 778 879 μή>τρα
795 796 900 879 μεταξύ
923 796 1018 882 ἄρχού
1034 798 1082 860 καί
1104 798 1245 868 κύστεως·
1275 796 1338 883 ἔχει
1354 798 1387 862 δὲ
1408 798 1457 862 καὶ
1472 796 1583 861 κοιλίαν

303 892 444 975 υδμ<οίαν
461 896 648 980 .......>τᾶ
670 898 696 961 δ’
724 899 799 963 αὐτὰ
821 901 868 962 καὶ
897 897 961 969 ὄνος
988 900 1036 962 καί
1064 900 1182 983 ήμίονος
1204 902 1355 985 σπλάγχνα
1378 900 1540 983 κέκτηνται.

329 997 422 1080 (577)
455 997 588 1083 ἄρ(χεται
615 1002 648 1063 δὲ
670 1001 797 1087 ὀχεύ>ειν
820 1003 835 1063 ό
859 1001 949 1085 ἄρρην
972 1003 1019 1065 καί
1041 1002 1200 1088 ὀχεύεσθαι
1223 1004 1241 1085 ἡ
1266 1004 1371 1087 θήλεια
1393 1005 1513 1088 τριετεῖς
1537 1022 1583 1085 γε·

329 1099 457 1182 γονύτες·
486 1103 613 1187 βιώσιμα
635 1104 668 1166 δὲ
689 1110 775 1188 γεννᾷ
796 1106 909 1188 τριετὴς
930 1104 1079 1168 τίκτουσα·
1108 1105 1300 1189 συλλαμβάνει
1323 1107 1356 1168 δὲ
1378 1104 1436 1173 ἕως
1455 1126 1583 1189 τριακον·

329 1204 433 1287 ταετὴς
453 1203 579 1289 γε’νηται.
625 1205 724 1290 ὀχεύει
747 1208 779 1270 δὲ
802 1209 817 1269 ό
841 1206 930 1292 ἄρρην
953 1207 1002 1269 καί
1023 1206 1128 1289 γύνιμα
1150 1212 1229 1270 ποιεῖ
1248 1206 1306 1276 έως
1327 1212 1413 1291 τριῶν
1436 1208 1484 1272 καί
1505 1208 1582 1292 τριαί-

329 1328 417 1369 κοντα
442 1307 532 1379 ἐτῶν,
564 1309 612 1371 καί
641 1310 766 1391 μάλιστα
796 1309 874 1373 θέλει
903 1310 1008 1394 βαίνειν
1036 1310 1052 1373 δ
1080 1310 1167 1379 ίππος
1195 1310 1243 1372 ἐπί
1270 1310 1321 1379 τὰς
1350 1310 1500 1395 ἀψήκτους
1532 1310 1581 1374 καὶ

290 1426 316 1468 ιυ
329 1410 513 1494 ἀκαθάρτους
539 1412 588 1473 καί
615 1412 755 1497 γ’νυπαροίς.
869 1411 962 1494 (578)
994 1410 1057 1475 κύει
1079 1410 1137 1495 (δὲ)
1169 1412 1239 1475 δέκα
1267 1418 1374 1497 μῆνας·
1408 1417 1451 1498 τῷ
1479 1414 1512 1477 δὲ
1538 1414 1581 1476 ἐν·

331 1514 444 1597 δεκοίτιρ
466 1513 553 1575 τίκτει
581 1514 667 1599 ὀρθή.
717 1515 901 1597 εύτοκωτοίτη
924 1512 982 1598 (δὲ)
1011 1512 1193 1599 τετραπόδων
1221 1515 1335 1578 πάντων
1363 1515 1411 1578 καὶ
1438 1516 1581 1600 κάθαρσιν

331 1616 383 1679 οὐκ
410 1615 513 1700 ἀφίησι
540 1618 659 1700 πολλήν.
708 1619 756 1681 καί
782 1622 906 1681 τεκοῦσα
932 1617 1046 1686 εὐθέως
1073 1617 1106 1679 τό
1132 1615 1233 1701 χόριον
1260 1618 1421 1694 κατεσθίει,
1446 1618 1581 1702 καθάπερ

329 1720 377 1782 καὶ
399 1720 429 1781 αἱ
451 1719 534 1787 κύνες
556 1720 604 1782 καί
626 1721 641 1783 ὀ
665 1720 878 1805 ἄσκαλαβώτης
899 1720 931 1783 τό
954 1725 1059 1803 γῆρας·
1086 1721 1134 1782 καί
1156 1721 1189 1782 τό
1205 1720 1384 1804 ἐπιπεφυκδς
1406 1721 1439 1784 δὲ
1458 1720 1507 1783 ἐπὶ
1529 1724 1581 1784 τού

280 1928 289 1977 l
311 1924 402 1995 χολὴν]
421 1924 454 1977 ci.
478 1925 558 1978 Arist.
572 1928 637 1992 pari.
650 1924 730 1976 anim.
743 1921 793 1975 32
812 1941 837 1992 p.
851 1924 960 1976 erebrr's
977 1924 1010 1976 τὰ
1028 1924 1132 1994 μὲνγὰρ
1150 1922 1216 1981 ύλως
1234 1924 1282 1976 αύκ
1300 1925 1353 1994 ἔχει
1369 1925 1463 1995 χολήν,
1485 1924 1537 1977 οἶον
1559 1924 1636 1983 ἵππος

277 2015 320 2066 καὶ
338 2013 408 2081 ὀρεύς
430 2013 474 2064 καὶ
498 2010 553 2071 ὀνος
575 2011 618 2063 καλ
640 2010 732 2081 ἔλαφος
755 2012 798 2063 καὶ
816 2011 878 2080 πρὸξ
897 2016 923 2064 εί
941 2012 1005 2065 alisi
1124 2010 1140 2062 θ
1159 2010 1283 2081 λέγονται]
1302 2014 1382 2065 Arist
1395 2014 1457 2066 hist.
1470 2010 1586 2065 anim.B
1602 2011 1635 2065 15

276 2118 302 2169 p.
315 2101 423 2153 506210
441 2100 494 2170 ἔχει
513 2100 538 2153 δέ
557 2100 634 2168 καλή
653 2105 705 2151 τῶν
727 2099 812 2151 ίππων
835 2098 924 2169 καρδία
946 2098 1048 2152 ὀστούν..
1071 2098 1104 2151 cf.
1123 2099 1237 2152 Timoth.
1256 2116 1283 2168 p.
1300 2101 1491 2169 17,1411αυμι.

276 2190 292 2241 3
311 2186 403 2257 σπλὴν]
422 2189 503 2240 Arist.
518 2191 583 2255 pari.
597 2188 677 2239 anim.
692 2183 710 2238 Γ
727 2186 757 2238 12
777 2204 802 2255 p.
816 2185 925 2238 ‹373¹›32
944 2186 1042 2255 σπλῆνα
1059 2185 1084 2238 δ’
1104 2185 1157 2256 ἔχει
1175 2187 1205 2237 τό
1224 2187 1270 2253 μὲν
1293 2188 1451 2258 κεραταρόρα
1474 2188 1517 2239 καλ
1541 2186 1634 2257 διχαλιλ

275 2275 437 2345 στρογγύλον,
456 2274 571 2344 καθάπερ
589 2273 627 2335 αἲξ
647 2277 689 2326 καί
709 2274 833 2344 πρόβατον
851 2276 963 2326 καὶτῶν
987 2272 1071 2325 ἄλλων
1090 2274 1207 2336 ἕκαστον,
1230 2273 1252 2326 εί
1275 2275 1310 2344 μή
1330 2294 1353 2327 τι
1371 2274 1412 2327 διὰ
1435 2272 1542 2344 μέγεθος
1559 2274 1633 2327 εύαυ·

276 2364 388 2433 ξέοτερον
407 2363 459 2432 ἔχει
478 2363 543 2415 κατὰ
562 2366 652 2431 μῆκος,
670 2362 721 2414 οἷον
735 2361 748 2413 ό
761 2368 805 2421 τού
825 2362 882 2432 βοὸς
901 2360 1035 2414 πέπονθεν·
1058 2361 1133 2413 τὰδὲ
1152 2361 1290 2432 πολυσχιδή
1309 2364 1389 2415 πάντα
1407 2363 1514 2433 μακρόν,
1533 2361 1586 2415 οίαν
1604 2360 1633 2421 ύς

275 2450 470 2521 καὶᾶνθρωπος
489 2451 532 2502 καὶ
551 2449 629 2513 κύων,
647 2450 679 2502 τὰ
697 2449 723 2501 δὲ
742 2450 848 2520 μώνυχα
867 2448 960 2518 μεταξύ
978 2448 1076 2502 τούτων
1094 2450 1138 2501 καί
1156 2449 1258 2515 μικτόν·
1280 2452 1313 2519 τῇ
1332 2451 1378 2518 μέν
1396 2450 1442 2519 γὰρ
1466 2449 1561 2503 πλατύν
1578 2448 1633 2521 ἔχει

274 2542 307 2608 τῇ
325 2538 351 2590 δέ
370 2538 462 2599 στενόν,
481 2537 532 2589 αίον
549 2537 623 2595 ίππος
636 2539 679 2589 καὶ
692 2536 762 2607 ὀρεύς
779 2538 823 2589 καὶ
841 2536 897 2595 ὀνος
968 2537 984 2588 6
1003 2534 1117 2607 ἄρχεται]
1138 2537 1218 2589 Arist.
1232 2537 1293 2589 hist.
1305 2538 1384 2590 anim.
1399 2535 1419 2590 E
1436 2538 1467 2590 14
1480 2555 1507 2606 p.
1519 2536 1632 2591 545b10

274 2624 348 2683 ίππος
367 2623 390 2675 δ’
411 2623 507 2693 ὀχεύειν
525 2624 629 2694 ἄρχεται
647 2624 727 2694 διετὴς
746 2626 789 2677 καὶ
808 2623 948 2694 ὀχεύεσθαι.
967 2622 1032 2676 ὥστε
1051 2624 1095 2676 καλ
1112 2629 1214 2692 γεννᾶν·
1236 2624 1268 2676 τὰ
1290 2626 1374 2692 μέντοι
1397 2626 1488 2692 ἔκγονα
1510 2624 1544 2677 τὰ
1565 2624 1633 2677 κατὰ

274 2711 376 2769 τούτους
394 2712 451 2769 τούς
474 2713 579 2781 χρόνους
602 2712 699 2764 ἐλάττω
723 2714 766 2764 καί
789 2710 981 2781 ἄσθενικώτερα.
1023 2711 1058 2769 ώς
1080 2709 1103 2763 δ’
1126 2712 1165 2763 ἐπὶ
1184 2711 1213 2763 τύ
1236 2712 1350 2764 πλεῖστον
1367 2714 1466 2783 τριετής
1488 2710 1571 2783 ὀχεύει
1588 2712 1633 2765 καλ

275 2799 397 2868 ὀχεύεται.
428 2800 471 2851 καὶ
491 2799 614 2852 ἐπιδίδωσι
633 2798 656 2851 δ’
678 2800 717 2852 ἀεὶ
735 2800 774 2851 ἐπὶ
793 2798 821 2851 τύ
841 2798 930 2868 βελτίω
953 2800 984 2851 τὰ
1007 2798 1098 2868 ἔκγονα
1123 2805 1209 2869 γεννᾶν
1232 2800 1305 2869 μέχρι
1324 2800 1389 2852 ἐτῶν
1410 2798 1511 2853 είκοσιν.
1548 2798 1633 2869 ὀχεύει

274 2886 297 2938 δ’
319 2886 424 2944 όίππος
443 2886 457 2938 δ
475 2886 553 2957 ἄρρην
572 2888 646 2957 μέχρι
671 2888 734 2940 ἐτῶν
758 2888 892 2957 τρίακοντα
917 2887 960 2939 καὶ
983 2893 1074 2956 τριῶν,
1091 2887 1108 2956 ή
1127 2886 1153 2938 δέ
1171 2884 1260 2956 θήλεια
1284 2886 1398 2958 ὀχεύεται
1420 2888 1495 2957 μέχρι
1512 2888 1632 2957 τετταρά-

274 2992 351 3027 κοντα
364 2975 438 3039 ἐτῶν,
451 2972 516 3026 ώστε
529 2974 655 3043 συμβαίνει
667 2974 755 3045 σχεδὸν
768 2974 808 3026 διὰ
821 2973 874 3043 βίου
888 2971 995 3043 γίνεσθαι
1008 2974 1054 3043 τήν
1068 2973 1160 3044 ὀχείαν.
1183 2975 1217 3026 τί.
1231 2976 1311 3028 Arist.
1325 2975 1341 3027 l.
1352 2992 1375 3029 c.
1388 2973 1411 3027 Z
1422 2974 1456 3027 22
1466 2990 1493 3043 ρ.
1502 2972 1613 3027 575521

274 3062 290 3113 θ
308 3063 351 3113 καὶ
370 3060 488 3131 μάλιστα]
507 3077 560 3114 non
580 3063 749 3115 Arist-otelira
875 3062 907 3113 10
924 3060 990 3130 κύει]
1010 3063 1091 3114 Arist.
1104 3062 1121 3113 1.
1132 3078 1154 3114 c.
1167 3060 1190 3115 Z
1203 3062 1237 3114 22
1255 3079 1281 3130 p.
1294 3062 1403 3115 ύῖύνθύ
1422 3061 1478 3115 κύει
1495 3060 1520 3114 δ’
1541 3060 1632 3115 ἐνδεκα

273 3154 369 3220 μῆνας,
391 3149 527 3219 δωδεκάτῳ
551 3149 577 3201 δὲ
600 3150 687 3201 τίκτει.
716 3150 748 3201 ri.
767 3150 847 3201 Arist.
872 3165 960 3217 genor-
976 3147 1089 3201 υυίιο.Δ
1110 3150 1141 3201 10
1159 3166 1185 3216 ρ.
1199 3148 1307 3200 777ὺ12
1330 3148 1415 3219 διόπερ
1438 3149 1509 3202 ίπποι
1533 3150 1577 3203 καὶ
1599 3150 1633 3202 τό

274 3242 376 3306 συγγενῆ
396 3238 450 3307 (qia
467 3236 563 3296 τούτοις
582 3236 678 3290 ἐλοίττω
697 3237 779 3297 ζῶντα
797 3237 887 3307 χρόνον
906 3236 961 3288 κύει
980 3236 1057 3289 πλείω
1076 3237 1177 3307 χρόνον·
1202 3242 1254 3288 τῶν
1267 3237 1308 3304 γέν
1325 3238 1370 3308 γὰρ
1388 3236 1507 3296 ἐνιαύσιος
1521 3236 1632 3301 δτόκας,

272 3332 325 3377 τῶν
343 3324 369 3378 δὲ
387 3324 528 3394 δεκάμηνος
547 3324 560 3377 ὁ
579 3324 692 3382 πλεῖστος
801 3326 829 3377 ll
851 3323 927 3395 ὀρθή]
947 3325 1028 3376 Arist.
1040 3325 1103 3377 hist.
1115 3326 1196 3377 anim.
1214 3322 1283 3376 Ζθθ
1302 3341 1327 3392 p.
1341 3324 1449 3377 5761‘24
1469 3324 1485 3395 ή
1504 3322 1529 3376 δ’
1555 3323 1633 3385 ίππος

272 3414 289 3482 ή
307 3411 397 3483 θήλεια
415 3411 474 3464 ὅταν
492 3413 540 3481 ἤδη
559 3411 662 3483 πλησίον
680 3409 696 3484 ή
716 3416 761 3481 τῆς
780 3413 900 3482 ἀφέσεως,
918 3410 981 3482 ὀρθή
1000 3418 1078 3464 στᾶσα
1095 3413 1206 3482 προίεται
1223 3411 1253 3464 τδ
1272 3411 1374 3482 ἔκγονον
1520 3410 1633 3465 εύτοτιια·

272 3503 349 3569 τᾶπη]
369 3502 448 3553 Arist.
462 3500 479 3552 l.
489 3498 547 3553 ε.Ζ
563 3501 594 3551 18
613 3517 639 3567 p.
649 3500 740 3575 57θν8
757 3499 831 3558 ίππας
850 3502 875 3555 δέ
893 3506 946 3552 τῶν
963 3500 1122 3570 τετραπόδων
1147 3499 1265 3552 ἁπάντων
1283 3499 1458 3553 εύτοκώτατον
1475 3501 1520 3552 καί
1536 3498 1633 3571 λοχίιαν

272 3586 464 3659 καθαρώτατον,
481 3590 524 3640 καί
543 3588 676 3657 ἐλαχίστην
695 3590 804 3658 προΐεται
822 3588 925 3657 αίματος
944 3587 1020 3660 ῥύσιν,
1039 3588 1074 3646 ώς
1093 3588 1159 3640 κατὰ
1176 3588 1205 3639 τδ
1223 3592 1269 3640 τού
1287 3587 1405 3658 σώματος
1424 3584 1529 3658 μίγεθας

276 3676 307 3727 17
325 3677 369 3727 καὶ
387 3673 505 3743 τεκοῦσα]
525 3678 605 3729 Arist.
618 3678 667 3729 λε.
686 3673 755 3727 Ζθζό
774 3692 799 3742 p.
812 3674 901 3727 57727
922 3674 981 3728 ὅταν
1004 3675 1030 3727 δέ
1053 3676 1116 3746 τέκηγ
1134 3675 1152 3745 ή·
1170 3674 1253 3739 ἵππος,
1275 3676 1304 3728 τό
1327 3694 1353 3727 τε
1377 3674 1463 3746 χόριον
1487 3672 1561 3735 εόθύς
1583 3694 1631 3729 εα-

272 3764 372 3827 τεσθίει,
389 3764 433 3815 καὶ
451 3763 562 3816 ἀπεσθίει
580 3770 623 3816 τού
641 3763 729 3817 πώλου
747 3762 760 3814 ὃ
779 3761 907 3832 ἐπιφύεται
926 3764 965 3815 ἐπὶ
983 3768 1028 3815 τού
1046 3763 1165 3830 μετώπου
1180 3768 1232 3815 τῶν
1251 3762 1355 3827 πώλων,
1377 3762 1490 3817 καλεῖται
1511 3762 1538 3816 ὀέ
1556 3762 1631 3817 ίτεπα-

271 3854 360 3919 μανές·
380 3851 430 3903 ἔστι
448 3851 475 3903 δέ
493 3851 521 3904 εδ
540 3850 644 3921 μέγεθος
662 3852 765 3905 έλατταν
780 3854 863 3922 μικρῷ
877 3850 984 3920 ίσχοίδος,
1003 3852 1049 3921 τήν
1061 3849 1085 3903 δ’
1107 3850 1173 3903 ίδέαν
1185 3849 1274 3914 πλατύ,
1294 3852 1429 3921 περιφερές,
1442 3851 1529 3921 μέλαν.
1554 3856 1631 3905 τούτο

272 3939 315 3991 έαίν
332 3957 370 3997 τις
387 3936 441 4009 φθῇ
460 3938 546 4009 λαβὼν
564 3940 607 3991 καὶ
625 3938 747 4013 όσφρηται
765 3939 781 4008 i,
799 3938 883 3999 ίππος,
901 3936 1024 3999 ἐξίσταται
1043 3940 1086 3990 καὶ
1108 3939 1222 4007 μαίνεται
1244 3938 1306 4008 πρὸς
1328 3939 1375 4009 τήν
1399 3938 1489 4009 ὀσμήν.
1531 3938 1568 3991 διδ
1586 3940 1631 3993 καλ

271 4030 345 4079 τοῦτο
365 4027 390 4077 αί
408 4027 563 4097 φαρμακίδες
581 4028 681 4097 ζητοῦσι
699 4028 741 4079 καί
761 4025 915 4095 συλλέγουσιν
1042 4026 1072 4077 13
1091 4027 1134 4079 καλ
1154 4026 1167 4078 ὁ
1186 4024 1383 4096 ἄσκαλαβώτης]
1403 4028 1484 4079 Arist.
1497 4027 1514 4079 Ι.
1524 4044 1547 4079 c.
1560 4022 1583 4081 θ
1597 4026 1629 4079 17

270 4130 297 4181 p.
309 4114 419 4167 600¹›20
438 4114 577 4169 ἐκδύνειδέ
595 4116 624 4169 τδ
642 4120 774 4186 γῆρας...
793 4114 827 4167 θ’.)
840 4113 890 4166 οἷον
908 4112 1093 4184 ὀσκαλαβώτης
1114 4115 1203 4167 τεκαὶ
1228 4119 1317 4182 σαύρας
1341 4115 1385 4165 καὶ
1403 4113 1509 4181 μάλιστα
1528 4116 1630 4167 πόντων

272 4203 295 4254 οί
314 4202 382 4273 ύρεις

276 4379 284 4428 1
307 4377 358 4447 ἔχει
371 4379 477 4446 scripsi:
497 4378 565 4449 ἔχων
577 4378 599 4429 ί)
673 4377 723 4429 1.“2
741 4377 868 4446 κεχυμένη
882 4374 1019 4445 εύρίσκεται
1031 4373 1095 4446 αύτη
1110 4378 1215 4444 srrIpsi:
1234 4395 1263 4429 κε
1277 4412 1601 4429 ...................
1612 4394 1630 4448 η

271 4470 357 4517 σείετο
375 4466 464 4519 blattis
482 4482 586 4519 corrosa
604 4466 626 4517 Ι)
733 4463 786 4515 23
805 4463 891 4515 ὀστέον
904 4462 970 4533 ἔχειν
983 4464 1008 4515 ἐν
1026 4468 1059 4535 τη]
1071 4463 1161 4534 καρδίᾳ
1178 4464 1296 4531 supplevi
1314 4479 1430 4516 corrosa:
1450 4462 1523 4516 ὀστέα
1536 4502 1543 4515 .
1554 4504 1560 4515 .
1571 4502 1629 4531 ,...

272 4592 416 4605 .........
430 4554 487 4622 ιγί)
638 4554 774 4623 4στερρά·
797 4552 869 4603 καίτω
892 4550 917 4602 δὲ
938 4551 954 4619 ip
972 4551 1056 4620 μήτρα
1074 4553 1180 4619 scripsi:
1205 4566 1522 4621 στερ...........τροι
1544 4556 1631 4605 cetera

271 4656 375 4693 corrosa
395 4642 415 4692 ί)
526 4639 649 4709 δόμοίαν
663 4674 774 4692 .......
792 4639 898 4705 εετίμύτ
924 4636 957 4707 ὀμ
970 4676 1155 4691 ...........
1174 4643 1259 4692 σείετο
1284 4640 1373 4692 blattis
1397 4638 1543 4691 corrosaD

272 4728 287 4780 δ
306 4728 410 4799 ἄρχεται
433 4728 459 4780 δὲ
482 4727 577 4797 όχεύειν
596 4730 701 4797 scripsi:
720 4728 751 4797 ἄρ
764 4763 946 4780 ...........
959 4744 993 4777 ειν
1012 4732 1097 4779 cetera
1115 4742 1218 4779 rorrosa
1237 4728 1258 4778 D
1390 4726 1475 4786 διετεῖς
1496 4744 1530 4779 ει
1549 4726 1631 4779 Arist.

271 4816 423 4869 commendo
573 4818 596 4869 ό.
611 4816 626 4867 7
646 4816 771 4885 γεγονότες
790 4813 897 4884 βιώσιμα
917 4812 1024 4879 scripsi:
1043 4832 1114 4883 γεγαν
1127 4854 1133 4866 .
1146 4853 1151 4864 .
1163 4854 1169 4866 .
1180 4852 1186 4865 .
1197 4853 1204 4866 .
1216 4854 1220 4861 .
1233 4854 1239 4866 .
1252 4829 1310 4883 σιμα
1330 4819 1415 4867 σείετο
1433 4829 1537 4867 corrosa
1555 4814 1577 4867 l)

274 4906 305 4957 10
323 4904 348 4956 δέ
368 4907 438 4971 (posi
457 4903 521 4966 κύει)
540 4920 590 4956 orn.
610 4906 645 4957 D:
664 4904 754 4957 addidi
864 4900 892 4951 ll
914 4898 939 4951 δὲ
958 4916 1008 4950 υιιτ.
1029 4902 1063 4954 [λι
1083 4902 1171 4954 addidi
