3510 5610
276 290 317 354 26
455 288 706 344 ARISTOPHANIS
725 288 907 344 HISTORIAE
928 289 1120 345 ANIMALIUM
1135 290 1285 345 ΕΡΙΤΟΜΕ
1302 292 1314 345 Ι
1332 291 1445 345 84-88

330 463 532 547 συμβαίνοντα.
577 464 610 527 οί
625 488 657 527 τε
682 464 736 548 γὰρ
763 464 822 528 νέοι
847 465 908 528 λίαν
936 466 985 528 καὶ
1012 466 1038 527 οἱ
1064 464 1249 549 πρεσβύτεροι
1275 464 1431 551 θηλυγόνοι
1459 468 1499 535 ὡς
1526 465 1575 529 ἐπὶ
1587 473 1621 531 33

329 565 417 628 πολό·
450 568 478 630 οί
505 567 557 650 μὲν
582 566 635 650 γὰρ
663 567 710 630 διὰ
736 569 769 630 τδ
795 567 934 632 ἐκλείπειν
959 566 1058 636 αὐτοῖς
1079 568 1112 630 τδ
1135 566 1257 651 θερμόν,
1286 567 1302 631 δ
1327 567 1362 652 ἧν
1385 573 1437 651 τῆς
1459 568 1576 653 πέψεως

270 664 273 671 ’
328 666 432 745 αἴτιον,
460 670 487 732 οί
509 669 542 731 δὲ
564 669 611 732 διὰ
634 671 667 732 τδ
690 669 812 753 μηδέπω
835 670 942 734 τέλειον
963 668 1035 733 αὐτὸ
1058 668 1146 755 ἔχειν.
1190 670 1292 753 ἀμέλει
1317 670 1350 733 δὲ
1374 669 1480 732 καὶτὰ
1504 670 1616 755 ῦγρὰω
1646 668 1651 677 ’

328 773 386 833 τῶν
408 772 551 853 σωμοίτων
574 773 622 835 καὶ
637 772 885 857 γυναικωδέστερα
907 773 1055 856 θηλυγόνα
1077 776 1200 855 μᾶλλον·
1227 773 1312 857 ἧττον
1334 772 1388 856 γόρ
1404 774 1437 836 τδ
1460 771 1575 857 σπέρμα

302 871 424 936 σαότῶν
447 874 508 938 ἐστι
535 874 658 958 θερμόν,
685 876 733 938 καί
761 874 835 938 αὐτὰ
862 875 898 938 τὰ
924 875 1039 960 θηλυκὰ
1067 878 1189 960 σώματα
1215 875 1316 961 ψυχρὰ
1337 875 1464 960 πέφυκεν
1486 875 1573 938 εἶναι·

329 975 477 1058 ἀναλογεῖν
498 977 552 1061 γόιρ
568 977 676 1061 όφειλει
691 976 741 1063 ἀφ’
759 980 799 1040 ὧν
815 979 863 1040 καί
878 976 1000 1060 ἐγένετο.
1065 977 1137 1060 (85)
1159 981 1300 1062 μαρτυρεῖ
1312 979 1345 1042 δὲ
1359 983 1396 1062 τῇ
1412 977 1575 1063 ψυχρότητι
1586 983 1622 1043 34

328 1082 386 1140 τῶν
409 1078 535 1162 θηλειῶν
559 1081 606 1144 καί
621 1081 641 1163 ή
656 1084 714 1143 τῶν
729 1081 913 1165 καταμηνίων
935 1079 1069 1164 γινομένη
1090 1079 1190 1149 αὐταῖς
1207 1078 1344 1165 ἔκκρισις·
1372 1081 1413 1164 μὴ
1428 1080 1574 1164 δυναμένη

328 1179 381 1262 γὰρ
403 1181 502 1251 αὐταῖς
524 1184 543 1266 ἡ
566 1184 651 1268 φύσις
673 1184 705 1246 τδ
727 1184 935 1267 παρακείμενον
958 1183 1122 1267 περίττωμα
1136 1182 1226 1268 πέψαι
1240 1185 1292 1266 τὴν
1307 1181 1430 1267 ἔκκρισιν
1453 1188 1575 1247 ποιεῖται

329 1283 388 1346 οῖον
411 1285 653 1370 ἀποδιωθουμένη
676 1287 708 1349 τδ
731 1285 889 1370 ἀλλότριον.
927 1287 975 1350 καὶ
996 1285 1033 1349 τὰ
1054 1286 1117 1348 λίαν
1140 1286 1172 1348 δὲ
1194 1285 1292 1371 ψυχρὰ
1314 1291 1371 1349 τῶν
1394 1286 1505 1349 ὑδάτων
1527 1287 1603 1348 καῖε

288 1400 315 1445 10
328 1388 355 1450 οί
381 1387 444 1450 λίαν
472 1390 652 1474 κατάψυχρα
677 1388 761 1452 τόποι
788 1388 894 1471 ἄγονοι.
973 1387 1044 1471 (86)
1071 1385 1145 1452 ἔστιν
1172 1387 1221 1451 οόν
1244 1413 1285 1457 τις
1312 1389 1506 1472 ἀνεκλάλητος
1526 1390 1575 1453 καὶ
1634 1459 1638 1468 ,

329 1491 475 1576 ὡρισμένη
499 1491 609 1575 θερμοῦ
632 1492 759 1578 ποσότης
780 1494 944 1575 ήγεννιῖισα
967 1493 999 1554 τδ
1022 1490 1106 1575 ἄρρεν
1129 1493 1177 1554 καὶ
1200 1496 1314 1577 ψυχροῦ
1336 1493 1369 1555 τδ
1392 1492 1481 1575 θῆλυ·
1508 1489 1575 1554 οὔτε

255 1592 262 1606 ‘
328 1594 380 1677 γὰρ
403 1595 436 1657 τδ
458 1595 520 1657 λίαν
543 1597 674 1678 πυρῶδες
696 1595 811 1658 δόναται
827 1594 915 1679 πέψαι
939 1594 1014 1658 ἀλλὰ
1035 1595 1068 1656 τδ
1091 1593 1190 1670 ποσόν,
1213 1593 1278 1657 οὔθ’
1300 1597 1319 1679 ή
1342 1595 1404 1659 λίαν
1426 1594 1576 1680 ψυχρότης

330 1701 448 1780 ποιῆσαι
481 1698 514 1759 τδ
548 1698 645 1781 θῆλυ·
687 1700 733 1760 δεῖ
762 1697 812 1761 οὖν
846 1698 1022 1781 συμμετρίας
1054 1698 1128 1767 τινδς
1156 1703 1209 1781 τῆς
1238 1695 1417 1781 θερμότητος
1446 1699 1493 1761 καὶ
1523 1702 1575 1780 τῆς

328 1798 512 1884 ψυχρότητος
539 1805 591 1883 τῆς
617 1801 681 1884 περὶ
708 1801 741 1864 τδ
769 1800 883 1885 σπέρμα
905 1801 975 1884 πρδς
996 1801 1029 1862 τδ
1053 1800 1198 1864 ποιεῖσθαι
1221 1799 1306 1884 ἄρρεν
1328 1824 1347 1883 η
1370 1800 1449 1883 θῆλυ
1471 1801 1519 1863 καί
1541 1802 1574 1864 τδ
1589 1817 1617 1860 ιο

289 1917 315 1962 15
328 1901 395 1965 όλον
425 1905 649 1987 συντελεσθῆναι
678 1907 764 1988 ζῷον.
853 1902 926 1986 (81)
954 1904 1009 1966 είσί
1039 1903 1071 1965 δὲ
1099 1907 1136 1985 τῇ
1167 1902 1251 1987 φύσει
1280 1902 1381 1986 ἄνδρες
1409 1902 1575 1985 θηλυγόνοι,

328 2027 349 2066 ιε
370 2025 391 2065 ιε
413 2024 433 2064 κ
460 2004 520 2067 οῖον
542 2006 591 2068 καί
613 2008 678 2090 περὶ
700 2011 750 2070 τοῦ
768 2003 946 2090 Ἡρακλέους
969 2005 1186 2088 μυθολογεῖται·
1217 2004 1302 2073 οὖτος
1322 2005 1429 2088 γὰρέν
1452 2005 1575 2091 ἑβδομή-

330 2132 416 2171 κοντα
438 2109 487 2171 καὶ
508 2109 559 2172 δόο
580 2109 689 2179 τέκνοις
711 2110 776 2194 μίαν
800 2108 944 2192 θυγατέρα
966 2108 1095 2193 ἐποίησε.
1175 2107 1246 2190 (88)
1271 2107 1377 2189 διδυμά
1397 2131 1429 2171 τε
1451 2109 1498 2171 καὶ
1520 2109 1574 2193 τρί-

275 2274 446 2283 ...mn—-

274 2363 290 2416 3
315 2361 411 2432 ἀμέλει]
431 2362 512 2416 Arist.
526 2380 612 2433 gener.
624 2367 703 2419 anim.
716 2363 764 2418 A2
786 2383 811 2435 p.
824 2364 931 2419 766b31
955 2365 998 2417 καί
1018 2365 1049 2416 τὰ
1071 2364 1115 2432 μέν
1137 2363 1256 2436 ὑγρότερα
1274 2369 1325 2416 τῶν
1343 2365 1468 2431 σωμάτων
1486 2367 1529 2418 καὶ
1546 2384 1627 2435 γυναι-

274 2451 400 2519 κικόιτερα
423 2448 547 2521 θηλυγόνα
571 2452 678 2523 μᾶλλον,
702 2455 745 2506 καὶ
766 2455 798 2506 τὰ
821 2455 949 2526 σπέρματα
966 2453 998 2505 τὰ
1016 2451 1079 2521 όγρδ
1096 2457 1148 2504 τῶν
1166 2451 1365 2522 συνεστηκότων·
1388 2452 1531 2523 πάνταγὰρ
1548 2458 1629 2507 ταῦτα

238 2601 242 2611 1
273 2540 363 2610 γίνεται
381 2537 414 2590 δι’
430 2538 521 2599 Ιἔνδειαν
539 2537 692 2612 θερμότητος
711 2546 817 2611 φυσικῆς
932 2540 948 2593 5
971 2541 1013 2592 καλ
1032 2538 1107 2608 αὐτὰ]
1126 2540 1207 2592 Arist.
1220 2555 1306 2608 gener.
1319 2541 1397 2592 anim.
1410 2535 1459 2592 Δδ
1480 2555 1505 2608 p.
1520 2539 1627 2594 775214

274 2626 434 2699 ἀσθενέστερα
457 2629 503 2697 γάρ
526 2629 577 2680 ἐστι
599 2631 641 2681 καὶ
664 2629 806 2701 ψυχρότερα
828 2631 860 2682 τό
881 2626 960 2699 θήλεα
982 2629 1028 2697 τὴν
1049 2625 1120 2695 φῦσιν
1261 2626 1277 2678 6
1301 2626 1428 2697 μαρτυρεῖ]
1448 2628 1528 2680 Arist.
1541 2643 1628 2696 gener.

274 2712 414 2768 καίτοΔθ
437 2732 463 2784 p.
476 2714 585 2769 766b35
612 2716 641 2769 τὸ
665 2716 692 2769 δέ
716 2716 798 2779 πλεῖον
822 2717 965 2785 περίττωμα
992 2714 1198 2785 δυσπεπτότερον·
1226 2713 1264 2766 διὸ
1287 2721 1337 2772 τοῖς
1361 2714 1405 2782 μέν
1433 2715 1528 2785 ἄρρεσιν
1555 2715 1627 2786 ίιγρό·

273 2821 343 2873 τερον
365 2802 395 2857 τό
418 2805 528 2873 σπέρμα,
550 2810 603 2862 ταῖς
625 2802 651 2855 δὲ
674 2803 780 2873 γυναιξὶν
803 2805 819 2875 ή
840 2810 892 2856 τῶν
914 2801 1076 2870 καταμηνίων
1098 2801 1213 2870 ἔκκρισις.
1244 2802 1276 2854 cf.
1295 2803 1375 2854 Arist.
1389 2817 1475 2870 gener.
1488 2805 1567 2856 anim.
1580 2801 1624 2857 ΔΙ

274 2907 299 2960 ρ.
311 2889 420 2945 765b21
430 2907 486 2960 sqq.
593 2891 608 2943 9
627 2893 671 2944 καί
688 2891 719 2943 τό
737 2890 802 2960 λίαν]
822 2893 901 2944 Arist.
915 2906 1002 2959 gener.
1014 2890 1093 2941 anim.
1106 2885 1127 2941 Δ
1139 2888 1155 2940 2
1173 2905 1198 2958 p.
1210 2888 1316 2942 767228
1335 2889 1443 2959 διαφέρει
1456 2889 1481 2942 δέ
1495 2893 1538 2944 καλ
1553 2891 1627 2962 χώρα

274 2978 360 3050 χώρας
379 2979 412 3037 είς
426 2983 504 3031 ταῦτα
523 2980 566 3031 καὶ
578 2976 645 3049 ὕδωρ
664 2976 752 3036 ὕδατος
770 2977 810 3031 διὰ
827 2979 871 3037 τός
889 2978 966 3037 αότός
983 2977 1069 3036 αἰτίας.
1100 2978 1159 3029 ποιὰ
1176 2978 1221 3048 γάρ
1235 2995 1271 3035 τις
1289 2977 1305 3047 ή
1320 2978 1400 3047 τροφή
1413 2977 1504 3046 γίνεται
1521 2977 1627 3047 μάλιστα

273 3066 317 3119 καὶ
339 3070 384 3118 τοῦ
407 3065 524 3135 σώματος
546 3067 562 3136 ή
586 3065 704 3130 διάθεσις,
726 3066 765 3118 διό
787 3084 814 3117 τε
836 3066 882 3135 τὴν
905 3072 991 3137 κρᾶσιν
1013 3069 1057 3117 τοῦ
1080 3071 1241 3134 περιεστῶτος
1264 3065 1335 3134 ἀέρος
1358 3066 1401 3117 καὶ
1422 3072 1475 3118 τῶν
1493 3066 1626 3129 εἰσιόντων,

275 3152 380 3220 μάλιστα
403 3153 430 3206 δὲ
452 3153 492 3205 διὰ
513 3154 558 3223 τήν
581 3157 625 3205 τοῦ
648 3150 737 3211 ὕδατος
759 3153 866 3223 τροφήν·
891 3159 965 3206 τοῦτο
987 3154 1032 3223 γὰρ
1055 3153 1167 3205 πλεῖστον
1190 3153 1354 3222 είσρέρονται,
1377 3153 1420 3204 καὶ
1442 3152 1467 3204 έν
1485 3154 1557 3204 πᾶσίν
1576 3153 1627 3204 ἐστι

272 3241 353 3311 τροφὴ
376 3245 464 3305 τοῦτο,
487 3242 529 3292 καί
553 3242 578 3293 ἐν
599 3248 650 3299 τοῖς
673 3240 762 3311 ξηροῖς.
800 3241 836 3295 διὸ
859 3243 903 3294 καί
925 3241 957 3293 τό
978 3242 1103 3310 ἀτέραμνα
1125 3238 1203 3292 ὕδατα
1226 3240 1269 3292 καί
1290 3239 1374 3309 ψυχρὰ
1396 3240 1428 3291 τό
1450 3241 1495 3308 μὲν
1512 3240 1626 3292 ἀτεκνίαν

273 3334 348 3392 ποιεῖ,
369 3330 401 3380 τὰ
421 3328 446 3380 δέ
467 3325 618 3398 θηλυτοκίαν
764 3328 796 3381 10
821 3327 896 3396 έστιν]
918 3330 998 3382 Arist.
1011 3343 1098 3397 gener.
1111 3328 1189 3378 anim.
1202 3321 1251 3377 A‘2
1273 3343 1298 3395 p.
1311 3326 1420 3379 767217
1442 3327 1471 3379 τὸ
1490 3326 1516 3379 δέ
1534 3325 1627 3398 θερμὸν

273 3414 327 3467 λίαν
346 3415 390 3482 μέν
408 3420 516 3483 κρατοῦν
537 3415 643 3485 ξηραίνει
660 3417 692 3469 τὰ
710 3415 779 3487 ῦγροί,
798 3415 860 3469 πολὺ
878 3416 903 3468 δὲ
923 3415 1032 3469 ἐλλεῖπον
1051 3415 1079 3467 οῦ
1098 3415 1243 3484 συνίστησιν,
1261 3413 1324 3466 ἀλλὰ
1342 3413 1379 3466 δεῖ
1390 3414 1451 3484 πρὸς
1462 3414 1491 3466 τδ
1510 3413 1626 3484 δημιουρ-

273 3500 390 3571 γοίιμενον
413 3501 478 3573 ἔχειν
500 3503 543 3556 τὸν
564 3508 610 3556 τοῦ
633 3505 712 3572 μέσου
733 3503 814 3572 λόγον.
847 3504 867 3556 ιί
888 3504 913 3556 δὲ
937 3503 986 3573 μή,
1009 3500 1121 3573 καθάπερ
1141 3503 1166 3554 ἐν
1184 3508 1235 3560 τοῖς
1253 3501 1382 3570 ἑψομένους
1400 3504 1518 3572 προσκάει
1534 3503 1580 3568 μέν
1597 3502 1626 3555 τὸ

274 3588 357 3642 πλεῖον
379 3594 441 3661 πῦρ,
464 3590 511 3661 οόχ
534 3590 587 3659 ἕψει
609 3591 635 3643 δέ
656 3591 685 3644 τό
708 3590 822 3652 ἔλαττον,
845 3592 993 3661 ἀμφοτέρως
1015 3590 1042 3641 δέ
1064 3590 1190 3659 συμβαίνει
1212 3589 1248 3657 μὴ
1270 3587 1422 3641 τελειοῦσθαι
1443 3589 1471 3641 τό
1493 3590 1626 3659 γινόμενον,

274 3675 342 3730 οὕτω
360 3678 403 3730 καί
421 3679 447 3730 ἐν
464 3685 496 3748 τη·
514 3682 559 3730 τοῦ
578 3678 676 3748 ἄρρενος
694 3678 756 3745 μίξει
775 3680 818 3730 καὶ
836 3684 880 3731 τοῦ
899 3675 988 3747 θήλεος
1006 3676 1042 3729 δεῖ
1055 3682 1100 3746 τῆς
1118 3677 1267 3747 συμμετρίας
1376 3676 1406 3728 15
1425 3677 1469 3729 είσὶ
1488 3676 1525 3746 δὲ)
1545 3678 1626 3730 Arist.

274 3766 334 3818 bist.
346 3767 425 3818 anim.
439 3762 490 3818 116
511 3781 537 3834 p.
550 3764 655 3818 585b21
683 3767 727 3818 είσὶ
748 3765 774 3818 δὲ
793 3766 835 3817 καὶ
854 3765 938 3834 ἄνδρες
955 3763 1088 3835 θηλυγόνοι
1106 3766 1148 3816 καὶ
1166 3771 1279 3833 γυναῖκες
1296 3763 1449 3835 ἀρρενογόνοι
1470 3764 1566 3834 (ἄνδρες
1583 3765 1627 3816 καὶ

273 3859 386 3922 γυναῖκες
404 3850 536 3923 θηλυγόνοι
554 3854 597 3904 καὶ
615 3852 767 3924 ἀρρενογόνοι
785 3853 937 3906 Schneider:
964 3854 1006 3904 καὶ
1026 3852 1109 3921 ἄνδρες
1127 3850 1259 3921 θηλυγόνοι
1277 3852 1320 3903 καὶ
1338 3857 1462 3920 γυναῖκες,
1481 3852 1504 3903 οί
1522 3850 1541 3903 δ’
1557 3853 1626 3922 ἀρρε-

273 3941 368 4010 νογόνοι
386 3941 652 4004 Aubert-Wimmer)‚
669 3940 720 3992 οίον
738 3942 781 3993 καί
799 3942 866 3994 κατὰ
883 3945 928 3992 τοῦ
946 3938 1090 4009 Ηρακλέους
1109 3937 1288 4009 μυθολογεῖται,
1310 3937 1336 3998 δς
1355 3939 1380 3990 ἐν
1397 3938 1440 3990 δόο
1459 3941 1501 3991 καὶ
1520 3938 1626 4010 ἐβδομή-

273 4046 351 4081 κοντα
372 4028 468 4087 τέκνοις
488 4025 612 4096 θυγατέρα
633 4028 691 4095 μίαν
712 4029 838 4097 ἐγέννησεν
986 4027 1016 4078 17
1040 4026 1139 4096 δίδυμα]
1160 4026 1192 4079 cf.
1206 4027 1275 4079 Plut.
1289 4027 1320 4079 de
1336 4026 1403 4094 plac.
1418 4028 1439 4077 V
1453 4027 1484 4078 10
1502 4027 1626 4095 (Doxogr.

273 4133 299 4184 p.
311 4115 423 4181 42135)
444 4112 615 4185 Ἐμπεδοκλῆς
637 4114 724 4186 δίδυμα
750 4117 792 4169 καί
815 4115 919 4187 τρίδυμα
942 4112 1050 4184 γίνεσθαι
1072 4116 1138 4167 κατὰ
1161 4113 1313 4181 πλεονασμόν
1334 4116 1377 4166 καὶ
1400 4113 1559 4184 περισχισμὸν
1580 4118 1626 4166 τοῦ

274 4204 464 4272 σπέρματος...
477 4199 664 4273 Ἐρασίστρατος
682 4204 722 4256 διὰ
739 4205 784 4263 τός
802 4201 1095 4273 ἐπισυλλήψεις...όταν
1113 4202 1158 4271 γὰρ
1177 4202 1192 4272 ή
1211 4202 1294 4272 μήτρα
1312 4201 1348 4272 είη
1368 4200 1552 4271 κεκαθαρμένη,
1570 4202 1626 4254 τότε

274 4289 435 4361 έπισόλληψιν
456 4289 565 4360 δέχεθαι.
596 4291 618 4343 οἱ
636 4288 744 4344 Στωϊκοί
766 4292 833 4360 παρὰ
854 4291 911 4348 τοὺς
933 4292 958 4343 έν
979 4294 1011 4361 τῇ
1031 4290 1116 4361 μήτρᾳ
1135 4290 1238 4348 τόπους·
1263 4288 1321 4341 όταν
1341 4290 1387 4359 γὰρ
1409 4289 1442 4347 είς
1462 4295 1562 4357 πρῶτον
1583 4291 1626 4342 καλ

274 4376 386 4448 διότερον
404 4379 500 4448 έμπέση
519 4380 629 4448 σπέρμα,
646 4379 702 4431 τότε
721 4377 828 4448 γίνεσθαι
844 4380 889 4438 τὰς
907 4377 1078 4448 ἐπισυλλήψεις
1096 4379 1150 4442 (καί
1168 4379 1199 4430 τό
1217 4376 1316 4446 δίδυμα)
1334 4377 1377 4428 καὶ
1394 4375 1498 4445 τρίδυμα

276 4620 291 4671 1
315 4620 400 4679 αόταῖς
418 4621 499 4672 Rose:
523 4620 642 4680 αότοῖςΡ
778 4621 793 4673 9
818 4619 915 4672 θδοίτων
933 4619 1039 4686 scripsi:
1063 4621 1189 4688 σωμότων
1206 4619 1240 4672 P:
1265 4620 1395 4686 πωμάτων
1413 4621 1480 4672 coni.
1494 4619 1565 4672 Diels

277 4709 307 4760 ll
333 4708 430 4778 ψυχροῦ
448 4708 528 4761 Rose:
553 4707 685 4779 ψυχρόνΡ
824 4708 854 4761 13
879 4708 1027 4777 συμμετρίας
1044 4707 1109 4766 τινός
1128 4707 1244 4776 Sauppe:
1269 4706 1419 4777 συμμετρίαν
1436 4707 1490 4759 τινὰ
1507 4706 1541 4759 P:
1566 4720 1626 4773 συμ·

276 4796 375 4865 μετρίαν
392 4796 447 4848 τινὰ
464 4795 525 4847 εἶναι
543 4797 610 4848 Rose
753 4796 784 4849 15
807 4800 867 4865 post
883 4794 967 4861 ἄνδρες
985 4795 1078 4848 addam
1101 4797 1144 4848 καὶ
1161 4801 1273 4864 γυναῖκες
1414 4798 1473 4862 post
1493 4791 1626 4862 θηλόγονοι

276 4884 335 4939 add.
354 4883 376 4935 οἱ
394 4881 413 4934 δ’
435 4884 587 4955 ἀρρενογόνοι
605 4884 672 4937 Βοεε
694 4883 725 4936 τί.
743 4884 824 4936 Αείεε.
839 4899 917 4952 supra
935 4884 980 4935 cit.
1112 4882 1142 4937 17
1166 4883 1255 4951 δίδυμά
1272 4882 1352 4936 Rose:
1377 4880 1482 4949 διάδυμό
1499 4880 1520 4933 Ρ
