<?xml version="1.0" encoding="UTF-8"?>
<!DOCTYPE html PUBLIC "-//W3C//DTD XHTML 1.0 Transitional//EN"
    "http://www.w3.org/TR/xhtml1/DTD/xhtml1-transitional.dtd">
<html xmlns="http://www.w3.org/1999/xhtml" xml:lang="en" lang="en">
 <head>
  <title>
</title>
<meta http-equiv="Content-Type" content="text/html;charset=utf-8" />
  <meta name='ocr-system' content='tesseract 3.04.00' />
  <meta name='ocr-capabilities' content='ocr_page ocr_carea ocr_par ocr_line ocrx_word'/>
</head>
<body>
  <div class='ocr_page' id='page_1' title='image "./supplementumari01arisgoog_0376.png"; bbox 0 0 3510 5610; ppageno 0'>
   <div class='ocr_carea' id='block_1_1' title="bbox 651 322 1126 378">
    <p class='ocr_par' dir='ltr' id='par_1_1' title="bbox 651 322 1126 378">
     <span class='ocr_line' id='line_1_1' title="bbox 651 322 1126 378; baseline -0.002 -1"><span class='ocrx_word' id='word_1_1' title='bbox 651 323 862 378; x_wconf 71' lang='lat' dir='ltr'><strong>sanationes</strong></span> <span class='ocrx_word' id='word_1_2' title='bbox 880 322 927 378; x_wconf 82' lang='lat' dir='ltr'><strong>AD</strong></span> <span class='ocrx_word' id='word_1_3' title='bbox 946 323 1126 377; x_wconf 78' lang='lat' dir='ltr'>CHOSROEM</span> 
     </span>
    </p>
   </div>
   <div class='ocr_carea' id='block_1_2' title="bbox 776 616 1580 687">
    <p class='ocr_par' dir='ltr' id='par_1_2' title="bbox 776 616 1580 687">
     <span class='ocr_line' id='line_1_2' title="bbox 776 616 1580 687; baseline -0.004 -7"><span class='ocrx_word' id='word_1_4' title='bbox 776 616 897 680; x_wconf 76' lang='lat' dir='ltr'><em>Titulus</em></span> <span class='ocrx_word' id='word_1_5' title='bbox 917 617 1003 678; x_wconf 81' lang='lat' dir='ltr'><strong>deest.</strong></span> <span class='ocrx_word' id='word_1_6' title='bbox 1462 620 1479 661; x_wconf 81' lang='lat'>⁸</span> <span class='ocrx_word' id='word_1_7' title='bbox 1532 629 1580 687; x_wconf 70' lang='lat'><strong>556</strong></span> 
     </span>
    </p>
   </div>
   <div class='ocr_carea' id='block_1_3' title="bbox 217 776 1588 4101">
    <p class='ocr_par' dir='ltr' id='par_1_3' title="bbox 265 776 1523 1095">
     <span class='ocr_line' id='line_1_3' title="bbox 349 776 1511 870; baseline 0.001 -3"><span class='ocrx_word' id='word_1_8' title='bbox 349 804 423 868; x_wconf 89' lang='lat' dir='ltr'><strong>Tres</strong></span> <span class='ocrx_word' id='word_1_9' title='bbox 445 814 550 868; x_wconf 89' lang='lat' dir='ltr'><strong>autem</strong></span> <span class='ocrx_word' id='word_1_10' title='bbox 568 776 644 867; x_wconf 71' lang='lat' dir='ltr'><strong>sunt</strong></span> <span class='ocrx_word' id='word_1_11' title='bbox 671 803 807 867; x_wconf 78' lang='lat' dir='ltr'>maxime</span> <span class='ocrx_word' id='word_1_12' title='bbox 833 825 989 868; x_wconf 79' lang='lat' dir='ltr'>connexae</span> <span class='ocrx_word' id='word_1_13' title='bbox 1016 805 1150 868; x_wconf 87' lang='lat' dir='ltr'><strong>rationes</strong></span> <span class='ocrx_word' id='word_1_14' title='bbox 1175 805 1346 870; x_wconf 87' lang='lat' dir='ltr'><strong>secundum</strong></span> <span class='ocrx_word' id='word_1_15' title='bbox 1374 805 1511 870; x_wconf 87' lang='lat' dir='ltr'><strong>animam</strong></span> 
     </span>
     <span class='ocr_line' id='line_1_4' title="bbox 265 906 1511 992; baseline 0.001 -23"><span class='ocrx_word' id='word_1_16' title='bbox 265 906 508 971; x_wconf 86' lang='lat' dir='ltr'><strong>immortalitatis</strong></span> <span class='ocrx_word' id='word_1_17' title='bbox 530 914 561 970; x_wconf 90' lang='lat' dir='ltr'><strong>et</strong></span> <span class='ocrx_word' id='word_1_18' title='bbox 582 906 838 991; x_wconf 74' lang='lat' dir='ltr'><strong>incorruptionis:</strong></span> <span class='ocrx_word' id='word_1_19' title='bbox 876 916 907 970; x_wconf 89' lang='lat' dir='ltr'><strong>et</strong></span> <span class='ocrx_word' id='word_1_20' title='bbox 923 907 1024 990; x_wconf 91' lang='lat' dir='ltr'><strong>prima</strong></span> <span class='ocrx_word' id='word_1_21' title='bbox 1039 907 1164 990; x_wconf 90' lang='lat' dir='ltr'><strong>quidem</strong></span> <span class='ocrx_word' id='word_1_22' title='bbox 1181 928 1265 991; x_wconf 86' lang='lat' dir='ltr'><strong>quae</strong></span> <span class='ocrx_word' id='word_1_23' title='bbox 1276 909 1315 972; x_wconf 91' lang='lat' dir='ltr'><strong>ab</strong></span> <span class='ocrx_word' id='word_1_24' title='bbox 1331 908 1511 992; x_wconf 85' lang='lat' dir='ltr'>operatione</span> 
     </span>
     <span class='ocr_line' id='line_1_5' title="bbox 265 1008 1523 1095; baseline -0.001 -22"><span class='ocrx_word' id='word_1_25' title='bbox 265 1009 439 1092; x_wconf 86' lang='lat' dir='ltr'><strong>adquiritur</strong></span> <span class='ocrx_word' id='word_1_26' title='bbox 460 1009 584 1073; x_wconf 88' lang='lat' dir='ltr'><strong>animae</strong></span> <span class='ocrx_word' id='word_1_27' title='bbox 598 1008 722 1072; x_wconf 51' lang='lat' dir='ltr'><strong>¹habens</strong></span> <span class='ocrx_word' id='word_1_28' title='bbox 743 1009 800 1072; x_wconf 86' lang='lat' dir='ltr'><strong>sic:</strong></span> <span class='ocrx_word' id='word_1_29' title='bbox 825 1010 930 1074; x_wconf 91' lang='lat' dir='ltr'><strong>anima</strong></span> <span class='ocrx_word' id='word_1_30' title='bbox 952 1010 1136 1092; x_wconf 87' lang='lat' dir='ltr'><strong>cuicumque</strong></span> <span class='ocrx_word' id='word_1_31' title='bbox 1156 1011 1242 1074; x_wconf 86' lang='lat' dir='ltr'><strong>adest</strong></span> <span class='ocrx_word' id='word_1_32' title='bbox 1262 1011 1391 1095; x_wconf 91' lang='lat' dir='ltr'><strong>corpori,</strong></span> <span class='ocrx_word' id='word_1_33' title='bbox 1413 1011 1523 1074; x_wconf 79' lang='lat' dir='ltr'><strong>uitam&#39;</strong></span> 
     </span>
    </p>

    <p class='ocr_par' dir='ltr' id='par_1_4' title="bbox 217 1111 1588 4101">
     <span class='ocr_line' id='line_1_6' title="bbox 237 1111 1553 1196; baseline 0.001 -26"><span class='ocrx_word' id='word_1_34' title='bbox 237 1126 386 1195; x_wconf 80' lang='lat' dir='ltr'><strong>asemper</strong></span> <span class='ocrx_word' id='word_1_35' title='bbox 407 1113 434 1176; x_wconf 90' lang='lat' dir='ltr'><strong>ei</strong></span> <span class='ocrx_word' id='word_1_36' title='bbox 458 1112 563 1189; x_wconf 83' lang='lat' dir='ltr'><strong>iniert3</strong></span> <span class='ocrx_word' id='word_1_37' title='bbox 586 1131 677 1175; x_wconf 89' lang='lat' dir='ltr'><strong>omne</strong></span> <span class='ocrx_word' id='word_1_38' title='bbox 700 1118 806 1176; x_wconf 90' lang='lat' dir='ltr'><strong>autern</strong></span> <span class='ocrx_word' id='word_1_39' title='bbox 828 1111 927 1176; x_wconf 87' lang='lat' dir='ltr'><strong>uitem</strong></span> <span class='ocrx_word' id='word_1_40' title='bbox 948 1132 1070 1196; x_wconf 86' lang='lat' dir='ltr'>semper</span> <span class='ocrx_word' id='word_1_41' title='bbox 1091 1112 1225 1176; x_wconf 89' lang='lat' dir='ltr'><strong>inferens</strong></span> <span class='ocrx_word' id='word_1_42' title='bbox 1245 1134 1307 1177; x_wconf 93' lang='lat' dir='ltr'><strong>non</strong></span> <span class='ocrx_word' id='word_1_43' title='bbox 1324 1113 1512 1178; x_wconf 86' lang='lat' dir='ltr'><strong>contrarium</strong></span> <span class='ocrx_word' id='word_1_44' title='bbox 1525 1129 1553 1171; x_wconf 78' lang='lat' dir='ltr'><strong>so</strong></span> 
     </span>
     <span class='ocr_line' id='line_1_7' title="bbox 264 1213 1512 1300; baseline 0.002 -22"><span class='ocrx_word' id='word_1_45' title='bbox 264 1215 415 1299; x_wconf 85' lang='lat' dir='ltr'><strong>receperit</strong></span> <span class='ocrx_word' id='word_1_46' title='bbox 438 1216 534 1293; x_wconf 88' lang='lat' dir='ltr'><strong>nitao;</strong></span> <span class='ocrx_word' id='word_1_47' title='bbox 562 1213 676 1278; x_wconf 84' lang='lat' dir='ltr'><strong>etenim</strong></span> <span class='ocrx_word' id='word_1_48' title='bbox 700 1214 725 1277; x_wconf 89' lang='lat' dir='ltr'><strong>si</strong></span> <span class='ocrx_word' id='word_1_49' title='bbox 747 1235 870 1298; x_wconf 83' lang='lat' dir='ltr'><strong>semper</strong></span> <span class='ocrx_word' id='word_1_50' title='bbox 891 1236 960 1279; x_wconf 89' lang='lat' dir='ltr'><strong>eam</strong></span> <span class='ocrx_word' id='word_1_51' title='bbox 982 1214 1090 1294; x_wconf 89' lang='lat' dir='ltr'><strong>infert,</strong></span> <span class='ocrx_word' id='word_1_52' title='bbox 1117 1236 1238 1300; x_wconf 86' lang='lat' dir='ltr'><strong>semper</strong></span> <span class='ocrx_word' id='word_1_53' title='bbox 1260 1237 1329 1280; x_wconf 90' lang='lat' dir='ltr'><strong>eam</strong></span> <span class='ocrx_word' id='word_1_54' title='bbox 1351 1216 1446 1280; x_wconf 88' lang='lat' dir='ltr'><strong>habet</strong></span> <span class='ocrx_word' id='word_1_55' title='bbox 1466 1237 1512 1280; x_wconf 90' lang='lat' dir='ltr'><strong>se-</strong></span> 
     </span>
     <span class='ocr_line' id='line_1_8' title="bbox 265 1316 1512 1401; baseline 0.002 -20"><span class='ocrx_word' id='word_1_56' title='bbox 265 1317 400 1381; x_wconf 91' lang='lat' dir='ltr'><strong>cundum</strong></span> <span class='ocrx_word' id='word_1_57' title='bbox 429 1317 593 1381; x_wconf 82' lang='lat' dir='ltr'><strong>essentiam</strong></span> <span class='ocrx_word' id='word_1_58' title='bbox 617 1322 648 1379; x_wconf 90' lang='lat' dir='ltr'><strong>et</strong></span> <span class='ocrx_word' id='word_1_59' title='bbox 671 1317 868 1395; x_wconf 82' lang='lat' dir='ltr'><strong>naturaliter3</strong></span> <span class='ocrx_word' id='word_1_60' title='bbox 903 1316 1024 1381; x_wconf 92' lang='lat' dir='ltr'><strong>nullum</strong></span> <span class='ocrx_word' id='word_1_61' title='bbox 1056 1324 1160 1381; x_wconf 90' lang='lat' dir='ltr'><strong>autem</strong></span> <span class='ocrx_word' id='word_1_62' title='bbox 1194 1339 1300 1382; x_wconf 87' lang='lat' dir='ltr'><strong>eornm</strong></span> <span class='ocrx_word' id='word_1_63' title='bbox 1332 1326 1512 1401; x_wconf 89' lang='lat' dir='ltr'><strong>quaesunt</strong></span> 
     </span>
     <span class='ocr_line' id='line_1_9' title="bbox 265 1416 1512 1505; baseline 0.002 -21"><span class='ocrx_word' id='word_1_64' title='bbox 265 1419 391 1504; x_wconf 89' lang='lat' dir='ltr'><strong>quidem</strong></span> <span class='ocrx_word' id='word_1_65' title='bbox 418 1420 457 1484; x_wconf 88' lang='lat' dir='ltr'><strong>ab</strong></span> <span class='ocrx_word' id='word_1_66' title='bbox 487 1438 523 1485; x_wconf 91' lang='lat' dir='ltr'><strong>eo</strong></span> <span class='ocrx_word' id='word_1_67' title='bbox 550 1416 632 1502; x_wconf 91' lang='lat' dir='ltr'><strong>quod</strong></span> <span class='ocrx_word' id='word_1_68' title='bbox 658 1438 730 1482; x_wconf 92' lang='lat' dir='ltr'><strong>uere</strong></span> <span class='ocrx_word' id='word_1_69' title='bbox 758 1423 804 1481; x_wconf 89' lang='lat' dir='ltr'><strong>est</strong></span> <span class='ocrx_word' id='word_1_70' title='bbox 825 1423 927 1502; x_wconf 88' lang='lat' dir='ltr'><strong>potest</strong></span> <span class='ocrx_word' id='word_1_71' title='bbox 948 1419 1086 1504; x_wconf 87' lang='lat' dir='ltr'><strong>accipere</strong></span> <span class='ocrx_word' id='word_1_72' title='bbox 1108 1420 1321 1505; x_wconf 88' lang='lat' dir='ltr'><strong>corruptiuum</strong></span> <span class='ocrx_word' id='word_1_73' title='bbox 1342 1423 1512 1486; x_wconf 90' lang='lat' dir='ltr'><strong>secundum</strong></span> 
     </span>
     <span class='ocr_line' id='line_1_10' title="bbox 257 1520 1512 1600; baseline 0.002 -14"><span class='ocrx_word' id='word_1_74' title='bbox 257 1522 430 1586; x_wconf 83' lang='lat' dir='ltr'><strong>essentiam</strong></span> <span class='ocrx_word' id='word_1_75' title='bbox 453 1529 484 1586; x_wconf 90' lang='lat' dir='ltr'><strong>et</strong></span> <span class='ocrx_word' id='word_1_76' title='bbox 506 1520 749 1585; x_wconf 83' lang='lat' dir='ltr'><strong>connaturaliter</strong></span> <span class='ocrx_word' id='word_1_77' title='bbox 767 1520 826 1584; x_wconf 91' lang='lat' dir='ltr'><strong>sibi</strong></span> <span class='ocrx_word' id='word_1_78' title='bbox 843 1542 941 1584; x_wconf 90' lang='lat' dir='ltr'><strong>unum</strong></span> <span class='ocrx_word' id='word_1_79' title='bbox 956 1521 1132 1600; x_wconf 83' lang='lat' dir='ltr'><strong>existentis3</strong></span> <span class='ocrx_word' id='word_1_80' title='bbox 1156 1525 1343 1588; x_wconf 89' lang='lat' dir='ltr'><strong>contrarium</strong></span> <span class='ocrx_word' id='word_1_81' title='bbox 1358 1545 1432 1589; x_wconf 91' lang='lat' dir='ltr'><strong>uero</strong></span> <span class='ocrx_word' id='word_1_82' title='bbox 1448 1545 1512 1589; x_wconf 92' lang='lat' dir='ltr'><strong>om-</strong></span> 
     </span>
     <span class='ocr_line' id='line_1_11' title="bbox 224 1616 1511 1716; baseline 0.005 -32"><span class='ocrx_word' id='word_1_83' title='bbox 224 1641 250 1685; x_wconf 85' lang='lat' dir='ltr'><strong>ro</strong></span> <span class='ocrx_word' id='word_1_84' title='bbox 263 1626 337 1689; x_wconf 94' lang='lat' dir='ltr'><strong>nino</strong></span> <span class='ocrx_word' id='word_1_85' title='bbox 354 1616 505 1689; x_wconf 65' lang='lat' dir='ltr'><strong>&#39;contrarii</strong></span> <span class='ocrx_word' id='word_1_86' title='bbox 532 1623 744 1708; x_wconf 90' lang='lat' dir='ltr'><strong>corruptiuum</strong></span> <span class='ocrx_word' id='word_1_87' title='bbox 772 1628 831 1687; x_wconf 90' lang='lat' dir='ltr'><strong>est:</strong></span> <span class='ocrx_word' id='word_1_88' title='bbox 859 1623 971 1688; x_wconf 91' lang='lat' dir='ltr'><strong>anima·</strong></span> <span class='ocrx_word' id='word_1_89' title='bbox 988 1624 1083 1716; x_wconf 82' lang='lat' dir='ltr'><strong>igitur</strong></span> <span class='ocrx_word' id='word_1_90' title='bbox 1109 1626 1295 1690; x_wconf 87' lang='lat' dir='ltr'><strong>contrarium</strong></span> <span class='ocrx_word' id='word_1_91' title='bbox 1324 1627 1390 1691; x_wconf 90' lang='lat' dir='ltr'><strong>eius</strong></span> <span class='ocrx_word' id='word_1_92' title='bbox 1417 1648 1511 1710; x_wconf 91' lang='lat' dir='ltr'><strong>quarn</strong></span> 
     </span>
     <span class='ocr_line' id='line_1_12' title="bbox 263 1725 1510 1812; baseline -0.001 -19"><span class='ocrx_word' id='word_1_93' title='bbox 263 1749 385 1812; x_wconf 89' lang='lat' dir='ltr'><strong>semper</strong></span> <span class='ocrx_word' id='word_1_94' title='bbox 399 1729 492 1792; x_wconf 87' lang='lat' dir='ltr'><strong>inlert</strong></span> <span class='ocrx_word' id='word_1_95' title='bbox 507 1727 592 1791; x_wconf 87' lang='lat' dir='ltr'><strong>uitae</strong></span> <span class='ocrx_word' id='word_1_96' title='bbox 606 1745 766 1808; x_wconf 87' lang='lat' dir='ltr'><strong>nunqnam</strong></span> <span class='ocrx_word' id='word_1_97' title='bbox 781 1725 940 1809; x_wconf 86' lang='lat' dir='ltr'><strong>receperit.</strong></span> <span class='ocrx_word' id='word_1_98' title='bbox 985 1727 1175 1791; x_wconf 88' lang='lat' dir='ltr'><strong>eontrarium</strong></span> <span class='ocrx_word' id='word_1_99' title='bbox 1191 1738 1296 1794; x_wconf 87' lang='lat' dir='ltr'><strong>autem</strong></span> <span class='ocrx_word' id='word_1_100' title='bbox 1311 1730 1396 1795; x_wconf 88' lang='lat' dir='ltr'><strong>uitae</strong></span> <span class='ocrx_word' id='word_1_101' title='bbox 1416 1751 1510 1794; x_wconf 88' lang='lat' dir='ltr'><strong>mors:</strong></span> 
     </span>
     <span class='ocr_line' id='line_1_13' title="bbox 263 1816 1553 1917; baseline -0.004 -22"><span class='ocrx_word' id='word_1_102' title='bbox 263 1850 325 1895; x_wconf 94' lang='lat' dir='ltr'><strong>non</strong></span> <span class='ocrx_word' id='word_1_103' title='bbox 348 1850 418 1914; x_wconf 84' lang='lat' dir='ltr'><strong>ergo</strong></span> <span class='ocrx_word' id='word_1_104' title='bbox 441 1831 550 1914; x_wconf 85' lang='lat' dir='ltr'><strong>recipit</strong></span> <span class='ocrx_word' id='word_1_105' title='bbox 572 1830 677 1893; x_wconf 91' lang='lat' dir='ltr'><strong>anima</strong></span> <span class='ocrx_word' id='word_1_106' title='bbox 698 1835 843 1904; x_wconf 82' lang='lat' dir='ltr'><strong>mortem3</strong></span> <span class='ocrx_word' id='word_1_107' title='bbox 867 1849 903 1892; x_wconf 89' lang='lat' dir='ltr'><strong>ao</strong></span> <span class='ocrx_word' id='word_1_108' title='bbox 925 1849 981 1912; x_wconf 93' lang='lat' dir='ltr'><strong>per</strong></span> <span class='ocrx_word' id='word_1_109' title='bbox 1001 1827 1059 1892; x_wconf 92' lang='lat' dir='ltr'><strong>hoc</strong></span> <span class='ocrx_word' id='word_1_110' title='bbox 1080 1829 1274 1917; x_wconf 81' lang='lat' dir='ltr'><strong>immortalis.</strong></span> <span class='ocrx_word' id='word_1_111' title='bbox 1319 1816 1439 1896; x_wconf 90' lang='lat' dir='ltr'><strong>addidit</strong></span> <span class='ocrx_word' id='word_1_112' title='bbox 1458 1852 1510 1896; x_wconf 88' lang='lat' dir='ltr'><strong>au·</strong></span> <span class='ocrx_word' id='word_1_113' title='bbox 1524 1848 1553 1890; x_wconf 80' lang='lat' dir='ltr'><strong>to</strong></span> 
     </span>
     <span class='ocr_line' id='line_1_14' title="bbox 264 1930 1510 2019; baseline 0.002 -22"><span class='ocrx_word' id='word_1_114' title='bbox 264 1942 328 1998; x_wconf 88' lang='lat' dir='ltr'><strong>tem</strong></span> <span class='ocrx_word' id='word_1_115' title='bbox 351 1933 477 2016; x_wconf 90' lang='lat' dir='ltr'><strong>quidam</strong></span> <span class='ocrx_word' id='word_1_116' title='bbox 500 1932 657 2015; x_wconf 88' lang='lat' dir='ltr'><strong>quondam</strong></span> <span class='ocrx_word' id='word_1_117' title='bbox 678 1931 868 2014; x_wconf 88' lang='lat' dir='ltr'><strong>sapientum,</strong></span> <span class='ocrx_word' id='word_1_118' title='bbox 896 1951 1026 2013; x_wconf 81' lang='lat' dir='ltr'><strong>magnus</strong></span> <span class='ocrx_word' id='word_1_119' title='bbox 1048 1930 1176 2014; x_wconf 91' lang='lat' dir='ltr'><strong>inquam</strong></span> <span class='ocrx_word' id='word_1_120' title='bbox 1198 1933 1352 2014; x_wconf 80' lang='lat' dir='ltr'><strong>Plotium,</strong></span> <span class='ocrx_word' id='word_1_121' title='bbox 1376 1943 1407 1999; x_wconf 90' lang='lat' dir='ltr'><strong>et</strong></span> <span class='ocrx_word' id='word_1_122' title='bbox 1429 1936 1510 2019; x_wconf 93' lang='lat' dir='ltr'><strong>quod</strong></span> 
     </span>
     <span class='ocr_line' id='line_1_15' title="bbox 265 2023 1511 2123; baseline 0.002 -22"><span class='ocrx_word' id='word_1_123' title='bbox 265 2057 301 2101; x_wconf 92' lang='lat' dir='ltr'><strong>eo</strong></span> <span class='ocrx_word' id='word_1_124' title='bbox 323 2036 436 2100; x_wconf 91' lang='lat' dir='ltr'><strong>maius:</strong></span> <span class='ocrx_word' id='word_1_125' title='bbox 469 2036 496 2099; x_wconf 90' lang='lat' dir='ltr'><strong>si</strong></span> <span class='ocrx_word' id='word_1_126' title='bbox 528 2035 622 2118; x_wconf 81' lang='lat' dir='ltr'><strong>igitur</strong></span> <span class='ocrx_word' id='word_1_127' title='bbox 654 2053 754 2116; x_wconf 90' lang='lat' dir='ltr'><strong>noque</strong></span> <span class='ocrx_word' id='word_1_128' title='bbox 787 2033 886 2116; x_wconf 87' lang='lat' dir='ltr'><strong>ipsam</strong></span> <span class='ocrx_word' id='word_1_129' title='bbox 915 2023 1008 2116; x_wconf 81' lang='lat' dir='ltr'><strong>qu&#39;am</strong></span> <span class='ocrx_word' id='word_1_130' title='bbox 1035 2033 1138 2097; x_wconf 80' lang='lat' dir='ltr'><strong>infert·</strong></span> <span class='ocrx_word' id='word_1_131' title='bbox 1154 2035 1253 2103; x_wconf 87' lang='lat' dir='ltr'><strong>uitam</strong></span> <span class='ocrx_word' id='word_1_132' title='bbox 1280 2037 1385 2103; x_wconf 91' lang='lat' dir='ltr'><strong>anima</strong></span> <span class='ocrx_word' id='word_1_133' title='bbox 1409 2047 1511 2123; x_wconf 91' lang='lat' dir='ltr'><strong>potest</strong></span> 
     </span>
     <span class='ocr_line' id='line_1_16' title="bbox 223 2134 1511 2222; baseline 0.005 -24"><span class='ocrx_word' id='word_1_134' title='bbox 223 2155 249 2199; x_wconf 78' lang='grc' dir='ltr'><strong>ιο</strong></span> <span class='ocrx_word' id='word_1_135' title='bbox 262 2134 373 2203; x_wconf 88' lang='lat' dir='ltr'><strong>iterum</strong></span> <span class='ocrx_word' id='word_1_136' title='bbox 390 2139 535 2222; x_wconf 90' lang='lat' dir='ltr'><strong>recipere,</strong></span> <span class='ocrx_word' id='word_1_137' title='bbox 551 2137 650 2201; x_wconf 90' lang='lat' dir='ltr'><strong>multo</strong></span> <span class='ocrx_word' id='word_1_138' title='bbox 667 2136 763 2219; x_wconf 81' lang='lat' dir='ltr'><strong>magis</strong></span> <span class='ocrx_word' id='word_1_139' title='bbox 778 2136 968 2200; x_wconf 90' lang='lat' dir='ltr'><strong>contrarium</strong></span> <span class='ocrx_word' id='word_1_140' title='bbox 983 2136 1078 2213; x_wconf 88' lang='lat' dir='ltr'><strong>uitae,</strong></span> <span class='ocrx_word' id='word_1_141' title='bbox 1094 2136 1191 2220; x_wconf 90' lang='lat' dir='ltr'><strong>ipsam</strong></span> <span class='ocrx_word' id='word_1_142' title='bbox 1207 2144 1350 2208; x_wconf 86' lang='lat' dir='ltr'><strong>mortem.</strong></span> <span class='ocrx_word' id='word_1_143' title='bbox 1394 2142 1511 2207; x_wconf 88' lang='lat' dir='ltr'><strong>habens</strong></span> 
     </span>
     <span class='ocr_line' id='line_1_17' title="bbox 263 2238 1577 2328; baseline 0.002 -22"><span class='ocrx_word' id='word_1_144' title='bbox 263 2243 347 2307; x_wconf 89' lang='lat' dir='ltr'><strong>enim</strong></span> <span class='ocrx_word' id='word_1_145' title='bbox 369 2242 436 2305; x_wconf 92' lang='lat' dir='ltr'><strong>eius</strong></span> <span class='ocrx_word' id='word_1_146' title='bbox 459 2262 583 2305; x_wconf 89' lang='lat' dir='ltr'><strong>causam</strong></span> <span class='ocrx_word' id='word_1_147' title='bbox 607 2238 840 2303; x_wconf 87' lang='lat' dir='ltr'><strong>connaturalem</strong></span> <span class='ocrx_word' id='word_1_148' title='bbox 861 2239 940 2303; x_wconf 91' lang='lat' dir='ltr'><strong>nihil</strong></span> <span class='ocrx_word' id='word_1_149' title='bbox 961 2238 1079 2321; x_wconf 84' lang='lat' dir='ltr'><strong>indiget</strong></span> <span class='ocrx_word' id='word_1_150' title='bbox 1101 2239 1185 2303; x_wconf 88' lang='lat' dir='ltr'><strong>uitae</strong></span> <span class='ocrx_word' id='word_1_151' title='bbox 1202 2261 1299 2324; x_wconf 81' lang='lat' dir='ltr'><strong>quam</strong></span> <span class='ocrx_word' id='word_1_152' title='bbox 1315 2238 1513 2328; x_wconf 81' lang='lat' dir='ltr'><strong>corpori&#39;dat,</strong></span> <span class='ocrx_word' id='word_1_153' title='bbox 1530 2261 1577 2319; x_wconf 70' lang='lat'><strong>557</strong></span> 
     </span>
     <span class='ocr_line' id='line_1_18' title="bbox 263 2340 1510 2427; baseline 0.006 -19"><span class='ocrx_word' id='word_1_154' title='bbox 263 2344 336 2408; x_wconf 91' lang='lat' dir='ltr'><strong>dum</strong></span> <span class='ocrx_word' id='word_1_155' title='bbox 358 2344 399 2408; x_wconf 88' lang='lat' dir='ltr'><strong>sit</strong></span> <span class='ocrx_word' id='word_1_156' title='bbox 421 2343 532 2408; x_wconf 89' lang='lat' dir='ltr'><strong>umbra</strong></span> <span class='ocrx_word' id='word_1_157' title='bbox 554 2343 619 2407; x_wconf 92' lang='lat' dir='ltr'><strong>eius</strong></span> <span class='ocrx_word' id='word_1_158' title='bbox 642 2363 735 2424; x_wconf 88' lang='lat' dir='ltr'><strong>quam</strong></span> <span class='ocrx_word' id='word_1_159' title='bbox 758 2341 800 2404; x_wconf 63' lang='lat' dir='ltr'><strong>in⁴</strong></span> <span class='ocrx_word' id='word_1_160' title='bbox 813 2362 845 2405; x_wconf 88' lang='lat' dir='ltr'><strong>se</strong></span> <span class='ocrx_word' id='word_1_161' title='bbox 860 2340 928 2425; x_wconf 87' lang='lat' dir='ltr'><strong>ipsa</strong></span> <span class='ocrx_word' id='word_1_162' title='bbox 942 2341 1111 2427; x_wconf 79' lang='lat' dir='ltr'><strong>secundum</strong></span> <span class='ocrx_word' id='word_1_163' title='bbox 1128 2343 1292 2407; x_wconf 87' lang='lat' dir='ltr'><strong>essentiam</strong></span> <span class='ocrx_word' id='word_1_164' title='bbox 1306 2345 1401 2412; x_wconf 88' lang='lat' dir='ltr'><strong>habet</strong></span> <span class='ocrx_word' id='word_1_165' title='bbox 1415 2350 1510 2414; x_wconf 90' lang='lat' dir='ltr'><strong>uitae.</strong></span> 
     </span>
     <span class='ocr_line' id='line_1_19' title="bbox 264 2442 1511 2528; baseline 0.004 -17"><span class='ocrx_word' id='word_1_166' title='bbox 264 2447 379 2511; x_wconf 87' lang='lat' dir='ltr'><strong>etenim</strong></span> <span class='ocrx_word' id='word_1_167' title='bbox 395 2445 520 2510; x_wconf 90' lang='lat' dir='ltr'><strong>omnino</strong></span> <span class='ocrx_word' id='word_1_168' title='bbox 536 2445 614 2512; x_wconf 92' lang='lat' dir='ltr'><strong>nihil</strong></span> <span class='ocrx_word' id='word_1_169' title='bbox 637 2444 806 2508; x_wconf 89' lang='lat' dir='ltr'><strong>causalium</strong></span> <span class='ocrx_word' id='word_1_170' title='bbox 829 2442 969 2528; x_wconf 83' lang='lat' dir='ltr'><strong>indigens</strong></span> <span class='ocrx_word' id='word_1_171' title='bbox 992 2451 1039 2508; x_wconf 90' lang='lat' dir='ltr'><strong>est</strong></span> <span class='ocrx_word' id='word_1_172' title='bbox 1053 2445 1216 2519; x_wconf 77' lang='lat' dir='ltr'><strong>sensatim,</strong></span> <span class='ocrx_word' id='word_1_173' title='bbox 1238 2447 1379 2512; x_wconf 91' lang='lat' dir='ltr'><strong>meliores</strong></span> <span class='ocrx_word' id='word_1_174' title='bbox 1394 2450 1511 2515; x_wconf 88' lang='lat' dir='ltr'><strong>habens</strong></span> 
     </span>
     <span class='ocr_line' id='line_1_20' title="bbox 262 2546 1551 2635; baseline -0.002 -21"><span class='ocrx_word' id='word_1_175' title='bbox 262 2570 383 2635; x_wconf 84' lang='lat' dir='ltr'><strong>semper</strong></span> <span class='ocrx_word' id='word_1_176' title='bbox 404 2549 537 2612; x_wconf 88' lang='lat' dir='ltr'><strong>uirtutes</strong></span> <span class='ocrx_word' id='word_1_177' title='bbox 558 2547 605 2612; x_wconf 92' lang='lat' dir='ltr'><strong>his</strong></span> <span class='ocrx_word' id='word_1_178' title='bbox 628 2568 703 2630; x_wconf 87' lang='lat' dir='ltr'><strong>quas</strong></span> <span class='ocrx_word' id='word_1_179' title='bbox 726 2546 885 2610; x_wconf 88' lang='lat' dir='ltr'><strong>causatiuo</strong></span> <span class='ocrx_word' id='word_1_180' title='bbox 913 2546 1058 2630; x_wconf 84' lang='lat' dir='ltr'><strong>largitur:</strong></span> <span class='ocrx_word' id='word_1_181' title='bbox 1092 2547 1239 2629; x_wconf 89' lang='lat' dir='ltr'><strong>quoniam</strong></span> <span class='ocrx_word' id='word_1_182' title='bbox 1273 2555 1304 2613; x_wconf 91' lang='lat' dir='ltr'><strong>et</strong></span> <span class='ocrx_word' id='word_1_183' title='bbox 1336 2550 1415 2633; x_wconf 83' lang='lat' dir='ltr'><strong>ignis</strong></span> <span class='ocrx_word' id='word_1_184' title='bbox 1448 2566 1551 2617; x_wconf 78' lang='lat' dir='ltr'><strong>nonno</strong></span> 
     </span>
     <span class='ocr_line' id='line_1_21' title="bbox 220 2637 1511 2735; baseline 0.007 -21"><span class='ocrx_word' id='word_1_185' title='bbox 220 2668 248 2714; x_wconf 83' lang='lat' dir='ltr'><strong>aa</strong></span> <span class='ocrx_word' id='word_1_186' title='bbox 262 2654 373 2717; x_wconf 89' lang='lat' dir='ltr'><strong>iterum</strong></span> <span class='ocrx_word' id='word_1_187' title='bbox 397 2651 547 2735; x_wconf 89' lang='lat' dir='ltr'><strong>receperit</strong></span> <span class='ocrx_word' id='word_1_188' title='bbox 573 2650 762 2722; x_wconf 84' lang='lat' dir='ltr'><strong>caliditatem</strong></span> <span class='ocrx_word' id='word_1_189' title='bbox 786 2668 879 2731; x_wconf 92' lang='lat' dir='ltr'><strong>quam</strong></span> <span class='ocrx_word' id='word_1_190' title='bbox 902 2670 921 2712; x_wconf 93' lang='lat' dir='ltr'><strong>a</strong></span> <span class='ocrx_word' id='word_1_191' title='bbox 942 2670 975 2712; x_wconf 88' lang='lat' dir='ltr'><strong>se</strong></span> <span class='ocrx_word' id='word_1_192' title='bbox 998 2648 1159 2713; x_wconf 83' lang='lat' dir='ltr'><strong>calefactis</strong></span> <span class='ocrx_word' id='word_1_193' title='bbox 1174 2650 1268 2715; x_wconf 82' lang='lat' dir='ltr'><strong>infert</strong></span> <span class='ocrx_word' id='word_1_194' title='bbox 1294 2637 1511 2735; x_wconf 87' lang='lat' dir='ltr'><strong>(connaturale</strong></span> 
     </span>
     <span class='ocr_line' id='line_1_22' title="bbox 260 2749 1509 2837; baseline 0.004 -18"><span class='ocrx_word' id='word_1_195' title='bbox 260 2756 343 2819; x_wconf 87' lang='lat' dir='ltr'><strong>enim</strong></span> <span class='ocrx_word' id='word_1_196' title='bbox 359 2754 478 2836; x_wconf 85' lang='lat' dir='ltr'><strong>habet),</strong></span> <span class='ocrx_word' id='word_1_197' title='bbox 502 2775 537 2833; x_wconf 91' lang='lat' dir='ltr'><strong>ac</strong></span> <span class='ocrx_word' id='word_1_198' title='bbox 552 2774 607 2837; x_wconf 93' lang='lat' dir='ltr'><strong>per</strong></span> <span class='ocrx_word' id='word_1_199' title='bbox 629 2751 685 2815; x_wconf 92' lang='lat' dir='ltr'><strong>hoc</strong></span> <span class='ocrx_word' id='word_1_200' title='bbox 708 2750 807 2814; x_wconf 90' lang='lat' dir='ltr'><strong>multo</strong></span> <span class='ocrx_word' id='word_1_201' title='bbox 829 2749 927 2832; x_wconf 85' lang='lat' dir='ltr'><strong>magis</strong></span> <span class='ocrx_word' id='word_1_202' title='bbox 949 2771 1049 2832; x_wconf 91' lang='lat' dir='ltr'><strong>neque</strong></span> <span class='ocrx_word' id='word_1_203' title='bbox 1065 2752 1264 2834; x_wconf 84' lang='lat' dir='ltr'><strong>frigiditatem</strong></span> <span class='ocrx_word' id='word_1_204' title='bbox 1282 2775 1360 2837; x_wconf 87' lang='lat' dir='ltr'><strong>quae</strong></span> <span class='ocrx_word' id='word_1_205' title='bbox 1377 2767 1423 2823; x_wconf 88' lang='lat' dir='ltr'><strong>est</strong></span> <span class='ocrx_word' id='word_1_206' title='bbox 1439 2780 1509 2824; x_wconf 90' lang='lat' dir='ltr'><strong>con-</strong></span> 
     </span>
     <span class='ocr_line' id='line_1_23' title="bbox 260 2853 1510 2956; baseline 0.004 -34"><span class='ocrx_word' id='word_1_207' title='bbox 260 2859 354 2956; x_wconf 77' lang='lat' dir='ltr'><strong>traria</strong></span> <span class='ocrx_word' id='word_1_208' title='bbox 376 2867 407 2922; x_wconf 90' lang='lat' dir='ltr'><strong>et</strong></span> <span class='ocrx_word' id='word_1_209' title='bbox 428 2858 579 2940; x_wconf 84' lang='lat' dir='ltr'><strong>gravitate</strong></span> <span class='ocrx_word' id='word_1_210' title='bbox 602 2854 696 2918; x_wconf 85' lang='lat' dir='ltr'><strong>etiarn</strong></span> <span class='ocrx_word' id='word_1_211' title='bbox 719 2853 913 2917; x_wconf 88' lang='lat' dir='ltr'><strong>connaturali</strong></span> <span class='ocrx_word' id='word_1_212' title='bbox 936 2853 1100 2917; x_wconf 89' lang='lat' dir='ltr'><strong>caliditati:</strong></span> <span class='ocrx_word' id='word_1_213' title='bbox 1124 2862 1155 2918; x_wconf 94' lang='lat' dir='ltr'><strong>et</strong></span> <span class='ocrx_word' id='word_1_214' title='bbox 1178 2857 1304 2921; x_wconf 91' lang='lat' dir='ltr'><strong>omnino</strong></span> <span class='ocrx_word' id='word_1_215' title='bbox 1321 2879 1411 2924; x_wconf 90' lang='lat' dir='ltr'><strong>omne</strong></span> <span class='ocrx_word' id='word_1_216' title='bbox 1428 2863 1510 2945; x_wconf 93' lang='lat' dir='ltr'><strong>quod</strong></span> 
     </span>
     <span class='ocr_line' id='line_1_24' title="bbox 259 2956 1509 3048; baseline 0.005 -25"><span class='ocrx_word' id='word_1_217' title='bbox 259 2981 380 3044; x_wconf 89' lang='lat' dir='ltr'><strong>semper</strong></span> <span class='ocrx_word' id='word_1_218' title='bbox 394 2960 487 3024; x_wconf 88' lang='lat' dir='ltr'><strong>infert</strong></span> <span class='ocrx_word' id='word_1_219' title='bbox 502 2958 760 3041; x_wconf 79' lang='lat' dir='ltr'><strong>qualemcumque</strong></span> <span class='ocrx_word' id='word_1_220' title='bbox 774 2956 908 3039; x_wconf 90' lang='lat' dir='ltr'><strong>speciem</strong></span> <span class='ocrx_word' id='word_1_221' title='bbox 925 2976 1025 3038; x_wconf 89' lang='lat' dir='ltr'><strong>neque</strong></span> <span class='ocrx_word' id='word_1_222' title='bbox 1040 2956 1122 3038; x_wconf 92' lang='lat' dir='ltr'><strong>qnod</strong></span> <span class='ocrx_word' id='word_1_223' title='bbox 1138 2957 1230 3022; x_wconf 82' lang='lat' dir='ltr'><strong>insert</strong></span> <span class='ocrx_word' id='word_1_224' title='bbox 1244 2963 1395 3045; x_wconf 89' lang='lat' dir='ltr'><strong>receperit</strong></span> <span class='ocrx_word' id='word_1_225' title='bbox 1409 2985 1509 3048; x_wconf 87' lang='lat' dir='ltr'><strong>neque</strong></span> 
     </span>
     <span class='ocr_line' id='line_1_25' title="bbox 261 3055 1039 3126; baseline -0.009 0"><span class='ocrx_word' id='word_1_226' title='bbox 261 3064 447 3126; x_wconf 86' lang='lat' dir='ltr'><strong>contrarium</strong></span> <span class='ocrx_word' id='word_1_227' title='bbox 471 3061 563 3126; x_wconf 89' lang='lat' dir='ltr'><strong>illius.</strong></span> <span class='ocrx_word' id='word_1_228' title='bbox 1032 3055 1039 3069; x_wconf 83' lang='lat'>‘</span> 
     </span>
     <span class='ocr_line' id='line_1_26' title="bbox 219 3161 1509 3250; baseline 0.006 -25"><span class='ocrx_word' id='word_1_229' title='bbox 219 3181 247 3225; x_wconf 80' lang='lat' dir='ltr'><strong>aa</strong></span> <span class='ocrx_word' id='word_1_230' title='bbox 344 3165 486 3230; x_wconf 87' lang='lat' dir='ltr'><strong>Secunda</strong></span> <span class='ocrx_word' id='word_1_231' title='bbox 512 3184 584 3227; x_wconf 92' lang='lat' dir='ltr'><strong>uero</strong></span> <span class='ocrx_word' id='word_1_232' title='bbox 612 3161 705 3226; x_wconf 90' lang='lat' dir='ltr'><strong>ratio:</strong></span> <span class='ocrx_word' id='word_1_233' title='bbox 740 3181 843 3226; x_wconf 90' lang='lat' dir='ltr'><strong>annon</strong></span> <span class='ocrx_word' id='word_1_234' title='bbox 873 3166 994 3244; x_wconf 89' lang='lat' dir='ltr'><strong>oportet</strong></span> <span class='ocrx_word' id='word_1_235' title='bbox 1020 3161 1082 3226; x_wconf 82' lang='lat' dir='ltr'><strong>tale</strong></span> <span class='ocrx_word' id='word_1_236' title='bbox 1105 3164 1302 3246; x_wconf 87' lang='lat' dir='ltr'><strong>proloquium</strong></span> <span class='ocrx_word' id='word_1_237' title='bbox 1323 3167 1408 3250; x_wconf 87' lang='lat' dir='ltr'><strong>prius</strong></span> <span class='ocrx_word' id='word_1_238' title='bbox 1426 3169 1509 3233; x_wconf 82' lang='lat' dir='ltr'><strong>&#39;acci-</strong></span> 
     </span>
     <span class='ocr_line' id='line_1_27' title="bbox 243 3263 1508 3354; baseline 0.003 -22"><span class='ocrx_word' id='word_1_239' title='bbox 243 3268 352 3354; x_wconf 88' lang='lat' dir='ltr'><strong>·pere?</strong></span> <span class='ocrx_word' id='word_1_240' title='bbox 386 3288 476 3332; x_wconf 91' lang='lat' dir='ltr'><strong>omne</strong></span> <span class='ocrx_word' id='word_1_241' title='bbox 499 3265 581 3349; x_wconf 93' lang='lat' dir='ltr'><strong>quod</strong></span> <span class='ocrx_word' id='word_1_242' title='bbox 603 3287 659 3329; x_wconf 89' lang='lat' dir='ltr'><strong>sua</strong></span> <span class='ocrx_word' id='word_1_243' title='bbox 681 3263 802 3328; x_wconf 87' lang='lat' dir='ltr'><strong>malitia</strong></span> <span class='ocrx_word' id='word_1_244' title='bbox 826 3285 888 3328; x_wconf 91' lang='lat' dir='ltr'><strong>non</strong></span> <span class='ocrx_word' id='word_1_245' title='bbox 910 3265 1088 3349; x_wconf 85' lang='lat' dir='ltr'><strong>corruperit,</strong></span> <span class='ocrx_word' id='word_1_246' title='bbox 1114 3265 1172 3329; x_wconf 92' lang='lat' dir='ltr'><strong>hoc</strong></span> <span class='ocrx_word' id='word_1_247' title='bbox 1194 3267 1232 3330; x_wconf 89' lang='lat' dir='ltr'><strong>ab</strong></span> <span class='ocrx_word' id='word_1_248' title='bbox 1257 3268 1384 3333; x_wconf 86' lang='lat' dir='ltr'><strong>alterius</strong></span> <span class='ocrx_word' id='word_1_249' title='bbox 1408 3271 1508 3335; x_wconf 87' lang='lat' dir='ltr'><strong>cuius·</strong></span> 
     </span>
     <span class='ocr_line' id='line_1_28' title="bbox 263 3366 1549 3460; baseline -0.002 -25"><span class='ocrx_word' id='word_1_250' title='bbox 263 3371 333 3435; x_wconf 92' lang='lat' dir='ltr'><strong>dam</strong></span> <span class='ocrx_word' id='word_1_251' title='bbox 357 3370 511 3460; x_wconf 84' lang='lat' dir='ltr'><strong>corrumpi</strong></span> <span class='ocrx_word' id='word_1_252' title='bbox 534 3368 722 3452; x_wconf 90' lang='lat' dir='ltr'><strong>impossibile</strong></span> <span class='ocrx_word' id='word_1_253' title='bbox 746 3374 801 3431; x_wconf 88' lang='lat' dir='ltr'><strong>est.</strong></span> <span class='ocrx_word' id='word_1_254' title='bbox 846 3367 1029 3446; x_wconf 91' lang='lat' dir='ltr'><strong>nonenim,</strong></span> <span class='ocrx_word' id='word_1_255' title='bbox 1056 3366 1109 3431; x_wconf 93' lang='lat' dir='ltr'><strong>ubi</strong></span> <span class='ocrx_word' id='word_1_256' title='bbox 1130 3369 1289 3452; x_wconf 88' lang='lat' dir='ltr'><strong>proprium</strong></span> <span class='ocrx_word' id='word_1_257' title='bbox 1312 3371 1435 3437; x_wconf 67' lang='lat' dir='ltr'><strong>bonum‘</strong></span> <span class='ocrx_word' id='word_1_258' title='bbox 1451 3383 1507 3454; x_wconf 89' lang='lat' dir='ltr'><strong>est,</strong></span> <span class='ocrx_word' id='word_1_259' title='bbox 1522 3392 1549 3434; x_wconf 83' lang='lat' dir='ltr'><strong>ao</strong></span> 
     </span>
     <span class='ocr_line' id='line_1_29' title="bbox 259 3469 1507 3560; baseline 0.003 -23"><span class='ocrx_word' id='word_1_260' title='bbox 259 3473 360 3557; x_wconf 91' lang='lat' dir='ltr'><strong>ipsum</strong></span> <span class='ocrx_word' id='word_1_261' title='bbox 385 3472 555 3556; x_wconf 90' lang='lat' dir='ltr'><strong>corruperit</strong></span> <span class='ocrx_word' id='word_1_262' title='bbox 576 3469 832 3553; x_wconf 89' lang='lat' dir='ltr'><strong>unumquodque:</strong></span> <span class='ocrx_word' id='word_1_263' title='bbox 868 3490 942 3532; x_wconf 90' lang='lat' dir='ltr'><strong>nam</strong></span> <span class='ocrx_word' id='word_1_264' title='bbox 969 3471 1051 3552; x_wconf 90' lang='lat' dir='ltr'><strong>quod</strong></span> <span class='ocrx_word' id='word_1_265' title='bbox 1073 3492 1092 3534; x_wconf 87' lang='lat' dir='ltr'><strong>a</strong></span> <span class='ocrx_word' id='word_1_266' title='bbox 1114 3472 1292 3537; x_wconf 89' lang='lat' dir='ltr'><strong>continente</strong></span> <span class='ocrx_word' id='word_1_267' title='bbox 1319 3482 1379 3553; x_wconf 88' lang='lat' dir='ltr'><strong>est,</strong></span> <span class='ocrx_word' id='word_1_268' title='bbox 1405 3475 1507 3560; x_wconf 89' lang='lat' dir='ltr'><strong>ipsum</strong></span> 
     </span>
     <span class='ocr_line' id='line_1_30' title="bbox 259 3571 1507 3659; baseline 0.004 -19"><span class='ocrx_word' id='word_1_269' title='bbox 259 3577 395 3640; x_wconf 75' lang='lat' dir='ltr'><strong>salutare</strong></span> <span class='ocrx_word' id='word_1_270' title='bbox 418 3582 474 3654; x_wconf 89' lang='lat' dir='ltr'><strong>est,</strong></span> <span class='ocrx_word' id='word_1_271' title='bbox 498 3593 597 3656; x_wconf 89' lang='lat' dir='ltr'><strong>neque</strong></span> <span class='ocrx_word' id='word_1_272' title='bbox 618 3573 755 3637; x_wconf 88' lang='lat' dir='ltr'><strong>medium</strong></span> <span class='ocrx_word' id='word_1_273' title='bbox 779 3571 940 3650; x_wconf 88' lang='lat' dir='ltr'><strong>ambobus,</strong></span> <span class='ocrx_word' id='word_1_274' title='bbox 963 3571 1045 3654; x_wconf 92' lang='lat' dir='ltr'><strong>quod</strong></span> <span class='ocrx_word' id='word_1_275' title='bbox 1068 3572 1194 3654; x_wconf 90' lang='lat' dir='ltr'><strong>quidem</strong></span> <span class='ocrx_word' id='word_1_276' title='bbox 1215 3581 1260 3639; x_wconf 91' lang='lat' dir='ltr'><strong>est</strong></span> <span class='ocrx_word' id='word_1_277' title='bbox 1275 3596 1375 3659; x_wconf 92' lang='lat' dir='ltr'><strong>neque</strong></span> <span class='ocrx_word' id='word_1_278' title='bbox 1390 3579 1507 3644; x_wconf 91' lang='lat' dir='ltr'><strong>bonnm</strong></span> 
     </span>
     <span class='ocr_line' id='line_1_31' title="bbox 217 3667 1506 3763; baseline 0.005 -23"><span class='ocrx_word' id='word_1_279' title='bbox 217 3695 245 3740; x_wconf 85' lang='lat' dir='ltr'><strong>ao</strong></span> <span class='ocrx_word' id='word_1_280' title='bbox 258 3700 359 3763; x_wconf 90' lang='lat' dir='ltr'><strong>neque</strong></span> <span class='ocrx_word' id='word_1_281' title='bbox 381 3677 509 3741; x_wconf 89' lang='lat' dir='ltr'><strong>malum.</strong></span> <span class='ocrx_word' id='word_1_282' title='bbox 554 3675 740 3759; x_wconf 88' lang='lat' dir='ltr'><strong>relinquitur</strong></span> <span class='ocrx_word' id='word_1_283' title='bbox 761 3674 861 3738; x_wconf 91' lang='lat' dir='ltr'><strong>dicere</strong></span> <span class='ocrx_word' id='word_1_284' title='bbox 883 3674 941 3739; x_wconf 86' lang='lat' dir='ltr'><strong>sic:</strong></span> <span class='ocrx_word' id='word_1_285' title='bbox 963 3674 1155 3740; x_wconf 90' lang='lat' dir='ltr'><strong>solummodo</strong></span> <span class='ocrx_word' id='word_1_286' title='bbox 1178 3677 1420 3763; x_wconf 87' lang='lat' dir='ltr'><strong>uniuscuiusque</strong></span> <span class='ocrx_word' id='word_1_287' title='bbox 1442 3667 1506 3748; x_wconf 87' lang='lat' dir='ltr'><strong>cor-</strong></span> 
     </span>
     <span class='ocr_line' id='line_1_32' title="bbox 258 3776 1588 3867; baseline 0.001 -19"><span class='ocrx_word' id='word_1_288' title='bbox 258 3782 419 3867; x_wconf 87' lang='lat' dir='ltr'><strong>rnptiuum</strong></span> <span class='ocrx_word' id='word_1_289' title='bbox 452 3777 693 3859; x_wconf 86' lang='lat' dir='ltr'><strong>uniuscuiusque</strong></span> <span class='ocrx_word' id='word_1_290' title='bbox 725 3777 853 3840; x_wconf 90' lang='lat' dir='ltr'><strong>malum.</strong></span> <span class='ocrx_word' id='word_1_291' title='bbox 903 3783 934 3840; x_wconf 87' lang='lat' dir='ltr'><strong>et</strong></span> <span class='ocrx_word' id='word_1_292' title='bbox 966 3776 1023 3841; x_wconf 91' lang='lat' dir='ltr'><strong>hoe</strong></span> <span class='ocrx_word' id='word_1_293' title='bbox 1056 3783 1162 3841; x_wconf 89' lang='lat' dir='ltr'><strong>autem</strong></span> <span class='ocrx_word' id='word_1_294' title='bbox 1198 3781 1413 3865; x_wconf 88' lang='lat' dir='ltr'><strong>accipiendum</strong></span> <span class='ocrx_word' id='word_1_295' title='bbox 1448 3787 1505 3849; x_wconf 92' lang='lat' dir='ltr'><strong>sic:</strong></span> <span class='ocrx_word' id='word_1_296' title='bbox 1584 3803 1588 3811; x_wconf 85' lang='lat'><strong>·</strong></span> 
     </span>
     <span class='ocr_line' id='line_1_33' title="bbox 258 3879 1507 3963; baseline 0.003 -15"><span class='ocrx_word' id='word_1_297' title='bbox 258 3885 380 3948; x_wconf 81' lang='lat' dir='ltr'><strong>animae</strong></span> <span class='ocrx_word' id='word_1_298' title='bbox 412 3881 532 3946; x_wconf 89' lang='lat' dir='ltr'><strong>malitia</strong></span> <span class='ocrx_word' id='word_1_299' title='bbox 560 3879 658 3943; x_wconf 89' lang='lat' dir='ltr'><strong>maior</strong></span> <span class='ocrx_word' id='word_1_300' title='bbox 690 3887 736 3943; x_wconf 90' lang='lat' dir='ltr'><strong>est</strong></span> <span class='ocrx_word' id='word_1_301' title='bbox 766 3885 864 3943; x_wconf 88' lang='lat' dir='ltr'><strong>morte</strong></span> <span class='ocrx_word' id='word_1_302' title='bbox 893 3879 1039 3963; x_wconf 85' lang='lat' dir='ltr'><strong>corporis;</strong></span> <span class='ocrx_word' id='word_1_303' title='bbox 1074 3880 1212 3946; x_wconf 89' lang='lat' dir='ltr'><strong>malitiae</strong></span> <span class='ocrx_word' id='word_1_304' title='bbox 1246 3892 1351 3949; x_wconf 88' lang='lat' dir='ltr'><strong>autom</strong></span> <span class='ocrx_word' id='word_1_305' title='bbox 1384 3886 1507 3952; x_wconf 90' lang='lat' dir='ltr'><strong>animae</strong></span> 
     </span>
     <span class='ocr_line' id='line_1_34' title="bbox 257 3981 1507 4101; baseline 0.004 -51"><span class='ocrx_word' id='word_1_306' title='bbox 257 3993 331 4101; x_wconf 70' lang='lat' dir='ltr'><strong>spat</strong></span> <span class='ocrx_word' id='word_1_307' title='bbox 352 3984 607 4070; x_wconf 83' lang='lat' dir='ltr'><strong>indisciplinatio,</strong></span> <span class='ocrx_word' id='word_1_308' title='bbox 630 3981 887 4066; x_wconf 88' lang='lat' dir='ltr'><strong>intemperantia,</strong></span> <span class='ocrx_word' id='word_1_309' title='bbox 909 3982 1077 4062; x_wconf 85' lang='lat' dir='ltr'><strong>iniustitia,</strong></span> <span class='ocrx_word' id='word_1_310' title='bbox 1100 3982 1207 4063; x_wconf 86' lang='lat' dir='ltr'><strong>timor,</strong></span> <span class='ocrx_word' id='word_1_311' title='bbox 1235 3994 1266 4048; x_wconf 90' lang='lat' dir='ltr'><strong>et</strong></span> <span class='ocrx_word' id='word_1_312' title='bbox 1292 3987 1507 4073; x_wconf 90' lang='lat' dir='ltr'><strong>quodcumque</strong></span> 
     </span>
    </p>
   </div>
   <div class='ocr_carea' id='block_1_4' title="bbox 205 4239 1112 4327">
    <p class='ocr_par' dir='ltr' id='par_1_5' title="bbox 205 4239 1112 4327">
     <span class='ocr_line' id='line_1_35' title="bbox 205 4239 1112 4327; baseline -0.002 -33"><span class='ocrx_word' id='word_1_313' title='bbox 205 4243 222 4294; x_wconf 77' lang='lat' dir='ltr'><strong>l</strong></span> <span class='ocrx_word' id='word_1_314' title='bbox 241 4241 274 4294; x_wconf 88' lang='lat' dir='ltr'><strong>cl.</strong></span> <span class='ocrx_word' id='word_1_315' title='bbox 292 4241 369 4294; x_wconf 90' lang='lat' dir='ltr'><strong>Plato</strong></span> <span class='ocrx_word' id='word_1_316' title='bbox 388 4241 484 4294; x_wconf 85' lang='lat' dir='ltr'><strong>Phae&#39;d.</strong></span> <span class='ocrx_word' id='word_1_317' title='bbox 506 4240 582 4294; x_wconf 82' lang='lat'>1051)</span> <span class='ocrx_word' id='word_1_318' title='bbox 688 4239 722 4290; x_wconf 74' lang='grc'><strong>26</strong></span> <span class='ocrx_word' id='word_1_319' title='bbox 742 4239 774 4291; x_wconf 86' lang='lat' dir='ltr'><strong>cl.</strong></span> <span class='ocrx_word' id='word_1_320' title='bbox 793 4239 867 4292; x_wconf 85' lang='lat' dir='ltr'><strong>Plato</strong></span> <span class='ocrx_word' id='word_1_321' title='bbox 887 4240 951 4307; x_wconf 87' lang='lat' dir='ltr'><strong>Rep.</strong></span> <span class='ocrx_word' id='word_1_322' title='bbox 970 4239 1005 4292; x_wconf 84' lang='lat' dir='ltr'><strong>X.</strong></span> <span class='ocrx_word' id='word_1_323' title='bbox 1023 4240 1112 4327; x_wconf 29' lang='lat' dir='ltr'><strong>toan·</strong></span> 
     </span>
    </p>
   </div>
   <div class='ocr_carea' id='block_1_5' title="bbox 493 4392 607 4402">
    <p class='ocr_par' dir='ltr' id='par_1_6' title="bbox 493 4392 607 4402">
     <span class='ocr_line' id='line_1_36' title="bbox 493 4392 607 4402; baseline -0.009 -3"><span class='ocrx_word' id='word_1_324' title='bbox 493 4392 607 4402; x_wconf 79' lang='grc'><em>.....-,-.</em></span> 
     </span>
    </p>
   </div>
   <div class='ocr_carea' id='block_1_6' title="bbox 193 4482 1560 4909">
    <p class='ocr_par' dir='ltr' id='par_1_7' title="bbox 193 4482 1560 4647">
     <span class='ocr_line' id='line_1_37' title="bbox 205 4482 1560 4555; baseline 0.007 -19"><span class='ocrx_word' id='word_1_325' title='bbox 205 4484 217 4536; x_wconf 93' lang='lat' dir='ltr'><strong>l</strong></span> <span class='ocrx_word' id='word_1_326' title='bbox 244 4483 312 4536; x_wconf 79' lang='lat' dir='ltr'><strong>deest</strong></span> <span class='ocrx_word' id='word_1_327' title='bbox 330 4484 414 4536; x_wconf 72' lang='lat' dir='ltr'><strong>diulus</strong></span> <span class='ocrx_word' id='word_1_328' title='bbox 431 4487 513 4555; x_wconf 68' lang='lat' dir='ltr'><strong>spatio</strong></span> <span class='ocrx_word' id='word_1_329' title='bbox 530 4495 631 4536; x_wconf 78' lang='lat' dir='ltr'><strong>vacante</strong></span> <span class='ocrx_word' id='word_1_330' title='bbox 652 4482 687 4536; x_wconf 87' lang='lat' dir='ltr'><strong>G:</strong></span> <span class='ocrx_word' id='word_1_331' title='bbox 711 4483 766 4546; x_wconf 80' lang='lat' dir='ltr'><strong>Que</strong></span> <span class='ocrx_word' id='word_1_332' title='bbox 784 4485 838 4536; x_wconf 86' lang='lat' dir='ltr'><strong>sint</strong></span> <span class='ocrx_word' id='word_1_333' title='bbox 860 4485 972 4538; x_wconf 83' lang='lat' dir='ltr'><strong>maxime</strong></span> <span class='ocrx_word' id='word_1_334' title='bbox 996 4500 1113 4539; x_wconf 82' lang='lat' dir='ltr'><strong>connexe</strong></span> <span class='ocrx_word' id='word_1_335' title='bbox 1135 4489 1320 4542; x_wconf 60' lang='lat' dir='ltr'><strong>testationes</strong></span> <span class='ocrx_word' id='word_1_336' title='bbox 1343 4492 1484 4544; x_wconf 88' lang='lat' dir='ltr'><strong>secundum</strong></span> <span class='ocrx_word' id='word_1_337' title='bbox 1504 4495 1560 4546; x_wconf 89' lang='lat' dir='ltr'><strong>ani·</strong></span> 
     </span>
     <span class='ocr_line' id='line_1_38' title="bbox 193 4569 1504 4647; baseline 0.006 -23"><span class='ocrx_word' id='word_1_338' title='bbox 193 4587 270 4624; x_wconf 66' lang='lat' dir='ltr'><strong>smam</strong></span> <span class='ocrx_word' id='word_1_339' title='bbox 290 4572 354 4623; x_wconf 83' lang='lat' dir='ltr'><strong>HM</strong></span> <span class='ocrx_word' id='word_1_340' title='bbox 453 4573 471 4625; x_wconf 87' lang='grc'>4</span> <span class='ocrx_word' id='word_1_341' title='bbox 498 4573 645 4640; x_wconf 82' lang='lat' dir='ltr'><strong>cuicunque</strong></span> <span class='ocrx_word' id='word_1_342' title='bbox 666 4569 702 4622; x_wconf 69' lang='grc' dir='ltr'><strong>θ’</strong></span> <span class='ocrx_word' id='word_1_343' title='bbox 720 4571 752 4637; x_wconf 81' lang='lat' dir='ltr'><strong>(ct</strong></span> <span class='ocrx_word' id='word_1_344' title='bbox 770 4572 805 4621; x_wconf 84' lang='lat' dir='ltr'><strong>sic</strong></span> <span class='ocrx_word' id='word_1_345' title='bbox 818 4573 917 4639; x_wconf 82' lang='lat' dir='ltr'><strong>possim</strong></span> <span class='ocrx_word' id='word_1_346' title='bbox 935 4589 1002 4640; x_wconf 65' lang='lat' dir='ltr'><strong>tmq·</strong></span> <span class='ocrx_word' id='word_1_347' title='bbox 1024 4572 1072 4637; x_wconf 82' lang='lat' dir='ltr'><strong>G¹3</strong></span> <span class='ocrx_word' id='word_1_348' title='bbox 1095 4588 1155 4641; x_wconf 90' lang='lat' dir='ltr'><strong>-nq-</strong></span> <span class='ocrx_word' id='word_1_349' title='bbox 1177 4573 1213 4625; x_wconf 84' lang='lat' dir='ltr'><strong>G²</strong></span> <span class='ocrx_word' id='word_1_350' title='bbox 1230 4593 1305 4640; x_wconf 81' lang='lat' dir='ltr'><strong>usque</strong></span> <span class='ocrx_word' id='word_1_351' title='bbox 1324 4578 1359 4627; x_wconf 85' lang='lat' dir='ltr'><strong>ud</strong></span> <span class='ocrx_word' id='word_1_352' title='bbox 1371 4597 1400 4647; x_wconf 85' lang='lat' dir='ltr'><strong>p.</strong></span> <span class='ocrx_word' id='word_1_353' title='bbox 1412 4579 1504 4647; x_wconf 66' lang='lat' dir='ltr'><strong>tait)</strong></span> 
     </span>
    </p>

    <p class='ocr_par' dir='ltr' id='par_1_8' title="bbox 201 4655 1559 4909">
     <span class='ocr_line' id='line_1_39' title="bbox 203 4655 1559 4729; baseline 0.009 -19"><span class='ocrx_word' id='word_1_354' title='bbox 203 4658 219 4710; x_wconf 90' lang='grc'><strong>8</strong></span> <span class='ocrx_word' id='word_1_355' title='bbox 237 4675 298 4713; x_wconf 86' lang='lat' dir='ltr'><strong>uere</strong></span> <span class='ocrx_word' id='word_1_356' title='bbox 318 4659 355 4710; x_wconf 81' lang='lat'><strong>0²</strong></span> <span class='ocrx_word' id='word_1_357' title='bbox 371 4660 397 4709; x_wconf 83' lang='lat' dir='ltr'><strong>in</strong></span> <span class='ocrx_word' id='word_1_358' title='bbox 414 4678 465 4711; x_wconf 81' lang='lat' dir='ltr'><strong>rus.</strong></span> <span class='ocrx_word' id='word_1_359' title='bbox 542 4678 633 4728; x_wconf 71' lang='lat' dir='ltr'><strong>praece</strong></span> <span class='ocrx_word' id='word_1_360' title='bbox 651 4658 712 4719; x_wconf 73' lang='lat' dir='ltr'><strong>fort.</strong></span> <span class='ocrx_word' id='word_1_361' title='bbox 724 4658 776 4720; x_wconf 78' lang='lat' dir='ltr'><strong>suit</strong></span> <span class='ocrx_word' id='word_1_362' title='bbox 795 4655 865 4709; x_wconf 74' lang='grc' dir='ltr'>οὐδὲν</span> <span class='ocrx_word' id='word_1_363' title='bbox 883 4656 909 4710; x_wconf 75' lang='grc' dir='ltr'><strong>δὲ</strong></span> <span class='ocrx_word' id='word_1_364' title='bbox 927 4659 1077 4713; x_wconf 83' lang='grc' dir='ltr'>τῶνόντων</span> <span class='ocrx_word' id='word_1_365' title='bbox 1096 4678 1123 4729; x_wconf 77' lang='grc' dir='ltr'><strong>γε</strong></span> <span class='ocrx_word' id='word_1_366' title='bbox 1141 4660 1190 4712; x_wconf 83' lang='grc' dir='ltr'><strong>ἀπὸ</strong></span> <span class='ocrx_word' id='word_1_367' title='bbox 1207 4667 1253 4714; x_wconf 86' lang='grc' dir='ltr'><strong>τοῦ</strong></span> <span class='ocrx_word' id='word_1_368' title='bbox 1271 4661 1351 4723; x_wconf 77' lang='grc' dir='ltr'>ὄντως</span> <span class='ocrx_word' id='word_1_369' title='bbox 1369 4663 1440 4725; x_wconf 77' lang='grc' dir='ltr'>ὄντος</span> <span class='ocrx_word' id='word_1_370' title='bbox 1458 4666 1559 4722; x_wconf 70' lang='lat' dir='ltr'><strong>diruatur</strong></span> 
     </span>
     <span class='ocr_line' id='line_1_40' title="bbox 201 4744 1558 4822; baseline 0.003 -24"><span class='ocrx_word' id='word_1_371' title='bbox 201 4744 321 4820; x_wconf 58' lang='lat' dir='ltr'><strong>taxeotas</strong></span> <span class='ocrx_word' id='word_1_372' title='bbox 338 4746 367 4799; x_wconf 85' lang='grc' dir='ltr'><strong>τὸ</strong></span> <span class='ocrx_word' id='word_1_373' title='bbox 386 4745 524 4820; x_wconf 71' lang='grc' dir='ltr'>φθαρτικὸν</span> <span class='ocrx_word' id='word_1_374' title='bbox 542 4751 588 4799; x_wconf 79' lang='grc' dir='ltr'><strong>τοῦ</strong></span> <span class='ocrx_word' id='word_1_375' title='bbox 606 4745 664 4799; x_wconf 70' lang='grc' dir='ltr'>κατ’</span> <span class='ocrx_word' id='word_1_376' title='bbox 686 4744 831 4797; x_wconf 76' lang='grc' dir='ltr'>οὐσίανκαὶ</span> <span class='ocrx_word' id='word_1_377' title='bbox 850 4754 971 4816; x_wconf 66' lang='lat' dir='ltr'><strong>supparis:</strong></span> <span class='ocrx_word' id='word_1_378' title='bbox 989 4747 1058 4818; x_wconf 74' lang='grc' dir='ltr'><strong>αὐτῷ</strong></span> <span class='ocrx_word' id='word_1_379' title='bbox 1078 4748 1258 4822; x_wconf 71' lang='grc' dir='ltr'>ἐνυπάρχοντος</span> <span class='ocrx_word' id='word_1_380' title='bbox 1360 4753 1388 4805; x_wconf 96' lang='lat' dir='ltr'><strong>ll</strong></span> <span class='ocrx_word' id='word_1_381' title='bbox 1410 4766 1465 4805; x_wconf 77' lang='lat' dir='ltr'><strong>aare</strong></span> <span class='ocrx_word' id='word_1_382' title='bbox 1484 4772 1558 4808; x_wconf 88' lang='lat' dir='ltr'><strong>num.</strong></span> 
     </span>
     <span class='ocr_line' id='line_1_41' title="bbox 202 4825 1558 4909; baseline 0.006 -21"><span class='ocrx_word' id='word_1_383' title='bbox 202 4849 279 4902; x_wconf 79' lang='lat' dir='ltr'><strong>quam</strong></span> <span class='ocrx_word' id='word_1_384' title='bbox 299 4835 362 4883; x_wconf 83' lang='lat' dir='ltr'><strong>duae</strong></span> <span class='ocrx_word' id='word_1_385' title='bbox 381 4835 424 4887; x_wconf 81' lang='lat' dir='ltr'><strong>liu.</strong></span> <span class='ocrx_word' id='word_1_386' title='bbox 443 4854 508 4887; x_wconf 75' lang='lat' dir='ltr'><strong>eras.</strong></span> <span class='ocrx_word' id='word_1_387' title='bbox 531 4835 554 4887; x_wconf 81' lang='lat' dir='ltr'><strong><em>G</em></strong></span> <span class='ocrx_word' id='word_1_388' title='bbox 626 4836 657 4887; x_wconf 70' lang='lat'><strong>1⁸2</strong></span> <span class='ocrx_word' id='word_1_389' title='bbox 678 4825 727 4882; x_wconf 75' lang='grc' dir='ltr'><strong>ΟΕ</strong></span> <span class='ocrx_word' id='word_1_390' title='bbox 749 4828 917 4899; x_wconf 67' lang='grc' dir='ltr'><strong>Ρῑ-ΟΤΙΝΟ</strong></span> <span class='ocrx_word' id='word_1_391' title='bbox 938 4835 996 4886; x_wconf 69' lang='lat' dir='ltr'><strong>odd</strong></span> <span class='ocrx_word' id='word_1_392' title='bbox 1015 4854 1091 4902; x_wconf 79' lang='lat' dir='ltr'><strong>nrary.</strong></span> <span class='ocrx_word' id='word_1_393' title='bbox 1114 4834 1136 4885; x_wconf 74' lang='lat' dir='ltr'><strong>(l</strong></span> <span class='ocrx_word' id='word_1_394' title='bbox 1207 4836 1241 4888; x_wconf 80' lang='lat'><strong>‘20</strong></span> <span class='ocrx_word' id='word_1_395' title='bbox 1264 4837 1408 4909; x_wconf 72' lang='lat' dir='ltr'><strong>calefactis]</strong></span> <span class='ocrx_word' id='word_1_396' title='bbox 1427 4840 1502 4895; x_wconf 76' lang='lat' dir='ltr'><strong>latiis</strong></span> <span class='ocrx_word' id='word_1_397' title='bbox 1524 4842 1558 4895; x_wconf 69' lang='grc' dir='ltr'><strong>θ’</strong></span> 
     </span>
    </p>
   </div>
   <div class='ocr_carea' id='block_1_7' title="bbox 202 4921 830 4991">
    <p class='ocr_par' dir='ltr' id='par_1_9' title="bbox 202 4921 830 4991">
     <span class='ocr_line' id='line_1_42' title="bbox 202 4921 830 4991; baseline 0.002 -19"><span class='ocrx_word' id='word_1_398' title='bbox 202 4921 234 4973; x_wconf 73' lang='grc'><strong>24</strong></span> <span class='ocrx_word' id='word_1_399' title='bbox 250 4934 306 4990; x_wconf 82' lang='lat' dir='ltr'><strong>post</strong></span> <span class='ocrx_word' id='word_1_400' title='bbox 326 4921 397 4973; x_wconf 89' lang='lat' dir='ltr'><strong>illius</strong></span> <span class='ocrx_word' id='word_1_401' title='bbox 416 4940 506 4972; x_wconf 82' lang='lat' dir='ltr'><strong>rasura</strong></span> <span class='ocrx_word' id='word_1_402' title='bbox 526 4921 553 4988; x_wconf 88' lang='lat'><strong>(8</strong></span> <span class='ocrx_word' id='word_1_403' title='bbox 566 4927 625 4991; x_wconf 80' lang='lat' dir='ltr'><strong>sere</strong></span> <span class='ocrx_word' id='word_1_404' title='bbox 645 4927 691 4976; x_wconf 83' lang='lat' dir='ltr'><strong>litt.</strong></span> <span class='ocrx_word' id='word_1_405' title='bbox 711 4924 786 4990; x_wconf 81' lang='lat' dir='ltr'><strong>erus.)</strong></span> <span class='ocrx_word' id='word_1_406' title='bbox 808 4921 830 4973; x_wconf 87' lang='lat' dir='ltr'><em>G</em></span> 
     </span>
    </p>
   </div>
   <div class='ocr_carea' id='block_1_8' title="bbox 0 0 1760 5610">
    <p class='ocr_par' dir='ltr' id='par_1_10' title="bbox 0 0 1760 5610">
     <span class='ocr_line' id='line_1_43' title="bbox 0 0 1760 5610; baseline 0 6"><span class='ocrx_word' id='word_1_407' title='bbox 0 0 1760 5610; x_wconf 95' lang='lat' dir='ltr'><strong> </strong></span> 
     </span>
    </p>
   </div>
  </div>
 </body>
</html>
