3510 5610
640 283 851 344 SOLUTIONES
869 284 917 342 AD
936 285 1116 344 OHOSROEM

252 462 400 546 cuiusque
422 461 632 546 productionis
652 461 761 527 insunt
783 463 811 526 ei
834 462 1018 528 naturaliter
1040 468 1260 547 componentes
1281 468 1314 527 et
1334 462 1504 526 formantes

251 587 364 648 genera
384 566 473 629 iuxta
493 564 633 629 ordinem
649 564 845 650 proprietatis
860 549 916 630 uni
930 565 1042 650 cuique
1057 566 1254 630 attributum.
1299 564 1504 630 connexiuam

251 668 376 752 quidem
400 667 539 732 omnium
562 689 688 731 causam
710 674 741 732 et
763 668 914 732 uirtutem
941 668 1081 743 omnium
1108 652 1196 732 nobis
1216 666 1415 732 manifestam
1439 690 1504 734 esse

251 770 331 834 hano
353 771 422 854 quis
444 769 557 835 dixerit
579 776 611 834 et
636 770 748 854 solam,
777 770 930 854 quomodo
956 772 1054 836 factor
1080 770 1294 836 uniuersitatis
1321 770 1419 835 bonus
1446 779 1502 852 est,

223 881 283 940 oet
304 895 366 938 non
389 873 592 938 existentibus
614 873 740 937 adducit
762 873 937 955 existentia,
961 880 993 939 et
1014 875 1134 938 naturis
1149 874 1244 938 uariis
1259 880 1389 938 exornat
1411 896 1504 958 quae·

251 977 324 1041 dam
346 976 472 1061 quidem
493 976 606 1060 simpla
628 982 660 1039 et
680 976 900 1059 intelligibilia,
925 977 1077 1061 quaedam
1099 997 1173 1041 uero
1197 977 1367 1061 composita
1386 983 1417 1041 et
1431 978 1504 1042 uisi·

250 1080 342 1160 bilia,
372 1081 508 1144 formans
536 1101 632 1143 unam
658 1079 732 1164 ipsis
755 1079 891 1143 inuicem
914 1085 945 1143 et
966 1079 1165 1143 uniuersitati
1187 1079 1359 1144 utilitatem
1381 1088 1412 1145 et
1434 1102 1505 1146 con·

252 1182 496 1260 naturalitatem,
512 1181 612 1246 ueluti
628 1203 665 1246 ex
683 1203 745 1246 una
759 1181 976 1247 coniunctione
992 1181 1256 1246 concatenationis
1271 1184 1504 1266 praestantiam.

251 1285 363 1369 optimi
384 1305 458 1349 uero
483 1286 602 1348 factura
625 1284 751 1348 omnino
774 1285 892 1348 eadem.
937 1290 968 1348 et
989 1284 1016 1347 si
1031 1283 1217 1367 quibusdam
1231 1284 1368 1368 partium
1385 1293 1504 1350 eontra-

210 1403 237 1447 10
252 1387 377 1451 rietates
399 1386 636 1456 introducantur
657 1393 689 1450 et
711 1406 815 1470 pugna
837 1407 875 1450 ex
897 1386 1035 1450 mixtura
1062 1391 1094 1449 et
1115 1385 1289 1450 differentia
1315 1387 1503 1471 qualitatum

248 1493 296 1574 (et
317 1490 375 1555 hoc
398 1490 482 1554 enim
504 1510 567 1553 non
588 1489 655 1553 sine
677 1488 832 1553 artificiali
855 1488 1060 1553 constitutum
1083 1495 1129 1552 est
1151 1488 1301 1572 ratione);
1324 1490 1378 1554 sed
1396 1491 1503 1575 itaque

253 1592 414 1657 rationalis
435 1594 534 1656 forma
556 1598 588 1655 et
606 1592 786 1676 composita,
810 1613 890 1675 quae
911 1591 1037 1675 quidem
1058 1590 1124 1655 sola
1145 1612 1183 1655 ex
1206 1592 1348 1657 omnibus
1369 1615 1506 1678 segrega-

251 1703 313 1775 tur,
336 1696 393 1759 hoc
408 1695 511 1773 habet,
535 1715 573 1758 ox
597 1694 716 1759 duobus
739 1694 900 1759 contrariis
921 1694 1127 1758 substantiam
1149 1694 1303 1776 (sensibili
1319 1694 1386 1761 dico
1409 1704 1441 1762 et
1458 1699 1504 1764 in-

250 1796 420 1881 telligibili)
441 1796 576 1880 regalem
597 1795 723 1880 quidem
744 1796 914 1880 imaginem
936 1796 1161 1880 consequendo.
1196 1803 1228 1861 et
1241 1797 1268 1861 si
1283 1798 1409 1882 quidem
1425 1801 1505 1867 hane

210 1917 237 1962 15
250 1899 431 1964 custodierit
457 1906 489 1964 et
510 1899 670 1984 proprium
700 1898 887 1983 principium
914 1906 946 1963 et
971 1899 1169 1982 dignitatem,
1203 1900 1343 1984 superior
1374 1904 1501 1968 essendo

250 2002 448 2067 sensibilibus
475 2009 507 2066 et
527 2023 546 2065 a
568 2001 653 2065 nullo
680 2002 858 2066 nocentium
886 2001 1014 2065 insidias
1040 2001 1186 2086 patiendo
1217 2022 1325 2066 eorum
1351 2005 1504 2071 dominari

252 2105 408 2170 ordinata:
431 2104 459 2169 si
480 2125 554 2169 uero
576 2104 700 2188 proprio
722 2103 843 2188 perdita
864 2104 958 2167 luerit
980 2103 1097 2182 ordine,
1120 2103 1227 2168 ordine
1250 2125 1338 2170 nosse
1360 2107 1504 2174 deficien-

249 2208 296 2272 tia
316 2208 404 2292 lapsa
427 2214 458 2271 et
480 2206 633 2290 quomodo
655 2206 724 2290 ipsa
745 2227 778 2270 se
807 2206 907 2290 ipsam
932 2213 1120 2290 supponeret
1145 2207 1246 2271 ferens
1272 2208 1428 2274 subiectis.
1473 2219 1505 2276 et

248 2310 325 2374 haee
352 2309 479 2393 quidem
504 2317 540 2373 ut
566 2309 600 2373 in
626 2309 843 2373 communibus
873 2308 1052 2373 notionibus
1077 2308 1282 2374 ineffabilium
1309 2312 1503 2395 speculantes

207 2429 236 2472 ao
250 2413 427 2477 dixerimus.
472 2431 534 2476 non
568 2417 688 2495 oportet
720 2418 827 2474 autem
859 2411 936 2474 haec
962 2411 1002 2474 de'
1025 2410 1099 2475 solis
1129 2432 1300 2496 proponere
1329 2416 1503 2499 reptilibus,

249 2515 397 2600 quoniam
419 2521 452 2580 et
472 2514 506 2578 in
529 2513 598 2577 aliis
620 2517 652 2576 et
674 2513 771 2577 aereis
793 2519 825 2577 et
847 2513 977 2577 terrenis
1000 2520 1032 2577 et
1053 2514 1243 2596 aquatilibus
1265 2515 1346 2580 inest
1361 2517 1504 2583 animali·

248 2620 306 2683 bus
328 2625 360 2683 et
380 2617 522 2682 inuenire
544 2616 704 2680 mortifera
726 2622 757 2679 et
780 2615 900 2696 noeiua,
922 2615 1004 2679 sicut
1026 2615 1111 2679 etin
1133 2616 1323 2699 germinibus
1345 2626 1376 2683 et
1398 2620 1502 2686 herbis

247 2720 479 2803 seminibusque
503 2725 533 2783 et
554 2717 710 2782 radicibus
733 2722 765 2781 et
785 2717 941 2801 lapidibus
963 2717 1158 2801 corruptiuae
1180 2719 1332 2802 quaedam
1352 2731 1426 2786 sunt
1441 2725 1502 2788 uir-

248 2829 330 2888 tutes
357 2829 389 2887 et
411 2822 592 2906 qualitates,
626 2829 657 2884 et
683 2820 797 2884 iterum
825 2819 917 2884 utiles
944 2827 976 2884 et
1001 2819 1161 2884 salutares.
1206 2821 1311 2906 itaque
1338 2833 1369 2888 et
1395 2825 1434 2890 de
1455 2827 1503 2890 his

207 2941 235 2985 aa
248 2934 369 2991 ueteres
391 2929 547 3009 quaerunt
568 2922 731 3007 reptilibus
753 2929 859 2986 utrum
881 2923 915 2986 in
938 2921 1089 2986 morsibus
1111 2944 1269 2988 uenenum
1291 2933 1323 2990 et
1346 2929 1502 3011 quandam

245 3029 364 3094 saniem
387 3026 554 3112 proiciunt,
584 3046 625 3089 an
650 3025 795 3109 spiritum
822 3030 853 3117 et
874 3025 1025 3089 uirtutem
1047 3025 1232 3089 immittunt.
1277 3049 1395 3093 morsus
1418 3032 1502 3096 enim

247 3133 427 3217 uiperarum
449 3136 481 3194 ot
503 3126 698 3213 quorundam
726 3126 858 3191 aliorum
883 3126 1042 3211 reptilium
1056 3128 1238 3196 ‚ostendunt
1262 3130 1382 3195 saniem
1405 3154 1502 3216 quan·

250 3235 322 3299 dam
344 3233 527 3298 atrociorem
549 3229 678 3314 prodere
701 3250 738 3293 ex
761 3250 824 3313 qua
845 3230 1054 3314 putrefaciunt
1082 3231 1196 3315 partim
1218 3231 1330 3298 incisos
1353 3235 1424 3299 cito.
1469 3244 1502 3301 at

250 3338 346 3402 etiam
367 3355 526 3400 uenenum
548 3339 731 3415 exsugentes
758 3352 821 3396 non
847 3333 1037 3413 moriuntur,
1064 3333 1090 3396 si
1119 3333 1274 3417 reliquum
1301 3357 1410 3421 corpus
1438 3359 1501 3402 non

209 3441 343 3520 redolet,
366 3439 456 3522 quasi
477 3457 541 3501 non
556 3435 722 3500 distributa
744 3434 909 3521 putredine
924 3436 1116 3500 cumulatim.
1150 3436 1257 3519 itaque
1273 3448 1304 3504 et
1319 3439 1500 3523 Scythicum

250 3564 406 3608 uenenum
432 3561 493 3625 quo
520 3540 646 3622 tingrmt
671 3538 800 3622 sagittas
826 3561 865 3603 ex
887 3539 1011 3624 uiperae
1032 3539 1119 3603 sanie
1142 3546 1173 3602 et
1194 3539 1329 3607 hominis
1351 3545 1500 3627 composi-

195 3827 229 3882 25
256 3826 370 3896 ueteres]
389 3829 407 3880 i.
421 3845 444 3880 e.
462 3828 657 3896 Theophrastus
679 3831 708 3884 in
725 3831 793 3884 libro
813 3828 844 3883 de
862 3829 1021 3882 animalibus
1039 3830 1129 3896 tertio,
1152 3831 1208 3903 περὶ
1225 3838 1279 3885 τῶν
1298 3831 1413 3888 deserar
1431 3838 1475 3890 aei
1494 3835 1545 3909 βλη

194 3921 275 3968 aratra
295 3916 329 3982 (v.
343 3916 420 3968 Rosei
439 3917 549 3970 Aristot.
568 3919 693 3987 pseudep.
711 3935 737 3986 p.
751 3917 814 3983 338)
906 3916 940 3968 29
959 3916 992 3969 of.
1012 3917 1120 3971 Aristot.
1139 3918 1248 3971 61:7229
1344 3923 1376 3976 31
1397 3924 1429 3976 ef.
1445 3926 1545 3978 Aristot

194 4002 298 4055 84521:
317 4000 564 4071 quatrifariam
582 4007 725 4078 φάρμακον,
743 4004 764 4076 ᾦ
783 4005 955 4075 ἀποβάπτουσι
973 4003 1032 4062 τοὺς
1048 4003 1153 4071 οἰστοὺς,
1171 4004 1329 4062 cusrldwba:
1347 4009 1372 4072 te
1391 4010 1491 4084 ἐχίδνης
1509 4018 1545 4066 ari

195 4089 239 4158 (of.
257 4091 418 4145 Beckmann.
437 4092 470 4143 ad
488 4092 547 4159 loc,
565 4093 643 4147 Rosei
662 4095 770 4147 Aristot
789 4091 915 4161 pseudep.
934 4108 959 4160 p.
970 4091 1032 4160 342)

195 4353 396 4421 fproprietatis
414 4353 453 4404 H:
471 4354 604 4422 proprium
625 4352 681 4405 ΟΜ
776 4352 927 4406 domnium
941 4364 1000 4420 pest
1017 4354 1206 4408 uirtutem'om.
1228 4356 1284 4409 ΟΜ
1376 4360 1472 4429 lquis
1493 4361 1545 4413 ΟΜ

135 4436 146 4457 ‘
195 4441 240 4509 qui
260 4440 293 4490 H
394 4439 546 4494 buisibilia
567 4440 631 4492 CM:
649 4441 796 4495 inuisibilia
814 4440 847 4491 H
949 4441 982 4494 10
1000 4442 1155 4509 qualitatum
1175 4444 1320 4498 differentia
1338 4448 1398 4498 ordo
1416 4449 1441 4499 in
1462 4447 1519 4499 ΟΜ

196 4528 228 4580 13
246 4528 295 4580 hoe
316 4526 376 4579 OH:
396 4527 459 4581 haec
477 4528 513 4578 Μ
612 4528 644 4580 14
662 4528 774 4598 regalem
792 4529 832 4580 H:
852 4528 942 4598 regula
963 4527 1020 4579 ΟΜ
1116 4530 1231 4600 quidem]
1245 4533 1309 4598 sort.
1328 4534 1451 4600 tepeadam
1470 4552 1545 4604 quan·

195 4614 253 4668 dam
368 4614 480 4667 17-18
505 4616 635 4667 orationem
652 4617 778 4668 abacorum
796 4617 918 4667 illustrare
936 4632 1028 4681 nequeo
1139 4616 1171 4670 18
1198 4624 1357 4687 supponeret
1374 4621 1413 4675 H:
1433 4638 1545 4691 supponr

195 4707 222 4756 et
242 4702 297 4754 ΟΜ
396 4700 427 4754 19
446 4703 602 4756 nacionibus
623 4703 851 4757 &notitionibus
869 4703 932 4755 HM
1033 4702 1067 4755 22
1085 4704 1153 4757 sicut
1171 4705 1213 4757 H:
1232 4707 1271 4759 sic
1291 4707 1345 4759 ΟΜ
1440 4710 1474 4763 28
1493 4726 1545 4780 pro·

196 4790 255 4844 dere
273 4789 313 4842 H:
331 4789 435 4858 prodire
456 4789 511 4842 ΟΜ
612 4796 640 4844 at
658 4790 696 4843 H:
716 4796 763 4845 aut
783 4791 838 4844 ΟΜ
940 4789 975 4844 30
992 4790 1145 4847 cumulatim
1163 4793 1300 4865 putredine
1318 4795 1378 4846 orde
1396 4797 1420 4850 ia
1441 4797 1497 4851 ΟΜ

197 4878 318 4934 scitioum
337 4874 366 4931 H
