3510 5610
194 307 236 375 92
737 315 912 371 rarscmur
929 315 1012 369 uror
1031 354 1044 379 .

176 480 179 486 ’
250 483 374 566 quidem
408 507 462 571 per
483 487 635 572 Europam
664 510 725 553 nou
752 487 894 552 similiter
925 488 1103 552 subsistunt
1135 486 1314 572 parentibus
1341 508 1444 570 neque
1468 487 1502 551 in
1521 500 1570 558 sle

250 587 357 650 eadem
382 589 522 671 ciuitate,
546 591 626 654 circa
648 611 721 654 uero
744 590 874 675 Libyam
897 599 929 656 et
949 592 1126 676 Aegyptum
1149 597 1184 655 ut
1207 590 1332 654 omnino
1356 597 1387 654 et
1410 590 1543 674 lungeeo

249 688 407 754 distantia.
451 692 588 757 locorum
616 714 738 777 quoque
765 695 982 778 speculationis
1009 700 1041 759 et
1067 715 1175 757 aerum
1197 714 1307 757 causae
1334 693 1417 777 quod
1439 715 1502 759 non

250 792 355 856 omnia
376 793 525 858 animalia
546 802 577 859 et
598 797 737 879 germina
759 818 814 881 per
836 817 942 862 omnes
965 797 1108 880 deinceps
1135 796 1215 858 fiunt
1240 795 1337 873 locos,
1363 795 1418 860 sed
1445 819 1503 861 un·

220 896 447 980 cumquodque
469 897 502 960 in
525 899 637 982 quibus
667 899 844 963 continetur
873 900 1057 964 naturaliter
1079 906 1110 962 et
1132 897 1266 982 proprie:
1299 900 1503 982 nequeenim

249 998 428 1081 elephantes
449 1021 551 1084 neque
572 1001 667 1084 griseo
689 1023 790 1086 neque
813 1023 925 1085 genera
947 1002 1078 1066 aliorum
1098 999 1281 1065 animalium
1296 1022 1503 1086 quaeeunque

248 1102 410 1185 peregrina
432 1109 463 1168 et
486 1109 630 1167 naturam
652 1104 800 1168 habentia
826 1105 972 1169 rariorem
1002 1110 1089 1168 extra
1116 1109 1263 1167 consueta
1289 1110 1336 1167 est
1362 1104 1431 1168 loca
1453 1125 1504 1168 ac·

249 1203 363 1288 cipere3
387 1206 440 1269 sed
456 1212 488 1270 et
503 1206 751 1271 habundantiam
773 1207 926 1291 quaedam
950 1214 981 1272 et
996 1207 1242 1271 communiorum
1266 1227 1366 1290 neque
1389 1206 1504 1291 prinei·

249 1305 336 1389 pium
358 1308 390 1372 in
413 1309 598 1393 quibusdam
626 1311 831 1376 inueniuntur
856 1312 944 1391 loeis,
977 1318 1014 1376 ut
1039 1312 1144 1376 leones
1172 1319 1202 1374 et
1228 1310 1294 1395 lupi
1323 1331 1379 1373 seu
1405 1308 1503 1393 quod·
1519 1325 1546 1367 aa

194 1423 236 1497 Ιιο
248 1430 370 1492 cunque
393 1412 468 1475 tale:
491 1413 610 1477 multae
632 1414 715 1477 enirn
739 1414 877 1497 regiones
899 1415 1008 1478 horum
1033 1413 1175 1478 nesciunt
1196 1419 1324 1477 datum.
1359 1411 1505 1476 uidemus

249 1519 355 1576 autem
376 1521 408 1578 et
430 1535 485 1598 per
506 1516 615 1580 horam
637 1517 711 1580 anni
734 1517 808 1601 quia
830 1518 983 1602 quaedam
1006 1516 1132 1581 omnino
1148 1515 1365 1580 exalienantur
1378 1515 1506 1598 regione

251 1619 283 1677 et
303 1616 479 1682 uolatilium
502 1626 534 1683 et
555 1619 756 1702 aquatilium,
790 1619 942 1703 quaedam
969 1640 1042 1684 uero
1070 1640 1132 1682 non
1160 1623 1311 1703 apparent
1338 1623 1369 1681 et
1396 1618 1504 1680 foueas

249 1716 380 1798 habent,
414 1741 448 1784 eo
478 1721 560 1805 quod
587 1741 650 1785 non
676 1728 806 1805 possunt
827 1722 1067 1806 temperantiam
1088 1721 1257 1800 sustinere;
1290 1728 1323 1784 et
1348 1720 1503 1804 quaedam

248 1819 374 1903 quidam
395 1823 510 1901 hieme,
538 1824 691 1907 quaedam
714 1845 787 1888 uero
810 1831 937 1888 aestate.
982 1823 1233 1908 Unumquodque
1256 1830 1362 1887 autem
1384 1821 1503 1887 animal

208 1938 234 1981 15
248 1924 287 1988 ad
309 1946 398 1988 suam
420 1926 603 1990 naturaliter
624 1926 782 1991 inducitur
803 1926 950 1991 salutem:
975 1949 1046 1991 eum
1068 1947 1141 1991 uero
1162 1947 1241 2010 quae
1256 1930 1329 1990 sunt
1343 1923 1503 1989 communi

249 2048 340 2090 eausa
362 2027 524 2108 deficiunt,
552 2035 626 2092 tune
653 2036 684 2093 et
705 2029 857 2113 quaedam
881 2029 1012 2094 latentes
1035 2035 1067 2093 et
1087 2029 1235 2113 speciales
1257 2027 1545 2092 connaturaliterao

248 2129 422 2194 subsistunt
443 2152 553 2195 causae
576 2153 630 2216 per
652 2153 729 2215 quas
751 2139 893 2216 possunt3
916 2138 948 2196 et
970 2154 1066 2215 genus
1088 2153 1186 2195 unum
1202 2130 1345 2194 animalis
1359 2152 1452 2215 saepe
1468 2131 1501 2194 in

250 2232 384 2315 quodam
405 2233 472 2297 loco
494 2254 558 2297 non
580 2233 750 2314 inhabitat,
776 2235 858 2299 sieut
883 2235 971 2319 lepus
994 2235 1027 2298 in
1049 2234 1155 2299 Ithace
1178 2232 1280 2296 insula
1301 2231 1448 2297 Graeciae
1472 2238 1505 2296 et

249 2335 281 2398 in
305 2336 403 2400 altera
425 2335 527 2400 insula
558 2357 637 2419 quae
665 2337 769 2401 estin
797 2337 849 2401 illo
875 2337 963 2401 mari.
1008 2338 1052 2401 ibi
1086 2337 1170 2401 enim
1195 2335 1222 2398 si
1249 2334 1318 2419 quis
1350 2334 1506 2398 dimiserit

210 2454 238 2497 au
251 2439 398 2523 leporem,
420 2439 580 2502 inuenitur
602 2438 640 2502 ad
661 2445 799 2503 extrema
820 2440 947 2504 tendere
969 2461 1067 2524 usque
1089 2439 1164 2504 dum
1180 2437 1225 2503 ad
1244 2459 1331 2502 mare
1346 2437 1506 2517 consistat,

248 2541 337 2625 quasi
363 2541 396 2605 in
422 2542 504 2605 hune
532 2541 678 2605 ultimum
705 2544 882 2627 confugiens
909 2543 1029 2608 locum:
1062 2549 1131 2607 turn
1165 2542 1243 2605 cirea
1279 2540 1423 2604 ciuitates
1451 2547 1507 2604 aut

249 2645 325 2708 alios
346 2645 429 2709 loeus
453 2644 537 2708 nullo
560 2644 651 2707 modo
674 2652 756 2708 stare
778 2652 810 2709 et
824 2666 950 2709 manere
966 2667 1039 2709 eum
1054 2665 1141 2728 posse
1156 2644 1275 2719 dieunt,
1296 2642 1350 2706 sed
1373 2643 1505 2707 eircum-

250 2768 371 2811 currere
394 2746 527 2810 insulam
551 2746 638 2831 quasi
662 2746 817 2810 dolentem
841 2754 872 2812 et
895 2748 1089 2832 compulsum
1116 2753 1148 2811 et
1169 2767 1270 2830 neque
1293 2746 1505 2830 experientem
1518 2759 1547 2801 ω

250 2850 374 2913 omnino
399 2855 523 2933 pastum
545 2848 702 2933 quendam
729 2856 784 2913 aut
806 2871 936 2914 aescam.
981 2850 1082 2914 simile
1105 2869 1227 2934 quoque
1255 2853 1286 2911 et
1311 2847 1394 2932 quod
1421 2848 1503 2912 eirea
1520 2861 1567 2921 m

208 2968 236 3013 aa
250 2955 372 3018 Cretam
396 2959 457 3015 est:
491 2951 557 3014 illic
585 2951 667 3014 enim
696 2952 777 3015 eirea
800 2952 962 3036 Cyloniam
987 2952 1148 3016 ciuitatem
1175 2970 1272 3034 usque
1294 2949 1505 3015 Eleuthernen

251 3057 332 3119 fiunt
345 3052 538 3118 solummodo
554 3053 638 3117 eerui
654 3060 686 3117 et
700 3053 869 3137 singulares
889 3064 920 3118 et
936 3055 1061 3138 uiperae
1084 3059 1115 3117 et
1130 3052 1296 3136 attagines:
1320 3051 1393 3116 uide
1409 3052 1505 3116 aliam

249 3158 272 3240 †
295 3176 499 3240 omoryuysou
522 3155 545 3240 †
567 3155 689 3220 nullum
711 3155 822 3221 horum
843 3157 1028 3241 ingreditur,
1057 3154 1112 3219 sed
1134 3155 1196 3218 alia
1222 3154 1322 3219 nutrit
1344 3154 1505 3236 animalia,

201 3381 232 3434 18
260 3381 292 3433 cf.
312 3381 420 3433 Aristot.
439 3378 541 3430 soona:
570 3378 595 3430 ἐν
612 3377 697 3450 ’lda'aq
721 3377 746 3431 δ’
768 3377 791 3431 οἱ
809 3377 957 3444 aestuosae,
981 3379 1024 3431 ἐάν
1041 3397 1079 3437 τις
1101 3379 1155 3448 ἀφῇ
1173 3377 1291 3445 κομίσας,
1315 3374 1344 3428 οὐ
1362 3375 1480 3429 thauma
1503 3377 1559 3448 ζῆν,

198 3467 262 3521 ἀλλὰ
274 3467 404 3537 φαίνονται
415 3464 553 3524 τεθνεῶτες
571 3466 632 3539 πρὸς
643 3486 674 3538 τῃ
688 3465 800 3537 θαλάττῃ
819 3467 991 3535 ἐστραμμένοι,
1009 3463 1073 3537 ᾗπερ
1087 3464 1116 3518 ἂν
1129 3462 1279 3537 εἰσαχθῶσιν
1297 3462 1341 3532 (cf.
1356 3464 1433 3517 Rosei
1448 3465 1560 3518 Aristot.

200 3556 321 3624 pseudep.
341 3571 366 3622 p.
376 3553 440 3619 331)
546 3554 580 3607 24
605 3554 636 3607 cl.
657 3555 724 3606 Plin.
744 3555 774 3606 N.
784 3556 817 3607 Π.
836 3554 933 3606 8227:
957 3555 986 3607 ln
1005 3554 1116 3621 Olympo
1134 3551 1299 3604 Macedoniae
1318 3555 1406 3603 monte
1424 3558 1560 3617 nonsunt

198 3644 264 3710 lupi,
282 3658 331 3695 nec
350 3643 379 3694 in
397 3642 473 3695 Creta
491 3642 586 3694 insula.
617 3643 653 3695 ibi
673 3642 776 3711 quidem
796 3659 843 3695 nee
855 3642 948 3709 uulpes
965 3642 1053 3693 ursiue
1071 3644 1149 3707 atque
1168 3639 1272 3691 omnino
1291 3638 1392 3691 nullum
1411 3639 1558 3692 maleficum

200 3731 295 3782 animal
314 3735 414 3796 praeter
439 3729 617 3797 phalangium.
653 3732 761 3782 araneos
781 3731 807 3783 id
830 3746 912 3799 genus
936 3729 1052 3781 dicamus
1080 3742 1127 3779 suo
1151 3727 1216 3778 loeo.
1253 3725 1398 3778 mirabilius
1421 3725 1450 3777 iu
1469 3727 1559 3779 eadem

199 3818 287 3870 insula
309 3833 399 3870 ceruos
418 3822 597 3886 praeterquam
622 3818 649 3869 in
668 3818 875 3885 Cyeloneatarum
898 3817 1004 3885 regione
1027 3830 1080 3867 non
1104 3830 1173 3879 esse,
1196 3813 1258 3865 item
1277 3829 1354 3882 apres
1377 3817 1403 3866 et
1420 3815 1560 3880 attagenaa

200 3907 333 3958 irenaceos
352 3905 387 3973 (r.
406 3906 511 3958 hleursii
530 3904 614 3968 Creta,
632 3905 691 3970 a.8;
711 3906 788 3958 Resei
807 3905 916 3957 Aristet.
933 3902 1057 3971 pseudep.
1076 3917 1092 3968 p
1112 3901 1174 3969 331)

204 4114 403 4180 leyrepamG
510 4110 676 4180 taegiptum
697 4112 732 4162 0¹
837 4109 991 4162 delitentes
1012 4110 1034 4158 (1
1141 4108 1234 4177 grifae]
1253 4124 1348 4175 grypes
1368 4108 1485 4160 Duedner

201 4201 216 4252 'l
236 4199 367 4268 rariorem]
381 4201 460 4251 rario·
475 4198 510 4250 θ’·Ι
522 4200 545 4247 in
558 4217 610 4249 roa.
682 4198 697 4250 9
717 4199 888 4250 inueniuntur
900 4197 1026 4247 Duebaer:
1045 4196 1185 4262 inueniunt
1199 4195 1310 4246 COHM
1325 4196 1369 4262 (cs.
1383 4196 1457 4264 adp.
1466 4198 1510 4250 41.
1519 4198 1560 4263 11)

206 4290 235 4340 lt)
259 4286 396 4354 multael(
432 4286 550 4353 )-taeG
661 4272 791 4352 uidemus]
810 4285 871 4350 ui-(
908 4284 961 4350 >G
1076 4284 1103 4335 ll
1130 4283 1231 4350 exalt(
1267 4282 1396 4348 )·nantur
1417 4284 1441 4334 G
1461 4282 1560 4351 [praece

195 4378 249 4443 saie
268 4372 452 4426 ἀπαλλάττεται
469 4377 515 4444 τῆς
532 4372 630 4445 χώρας]
740 4371 1056 4441 12ιιιιιιοι11ιιιι]ι]ιιιιιι1-(
1090 4372 1144 4439 )(3
1254 4370 1285 4422 18
1303 4369 1356 4436 in-(
1391 4368 1498 4436 )-tatO

204 4464 235 4515 19
255 4463 387 4515 demiserit
407 4462 443 4513 (3²
547 4460 771 4527 asserentem(
806 4460 960 4525 )·entemG
1067 4459 1100 4511 24
1119 4457 1290 4527 quendam](
1326 4456 1409 4524 )·dam
1430 4460 1454 4508 G

202 4549 235 4602 25
263 4547 345 4618 est](
380 4548 481 4614 )·stG
592 4547 738 4614 Cyloniam]
758 4548 807 4598 ae.
825 4544 960 4600 Κυδωνίαν
1072 4547 1105 4598 16
1132 4544 1241 4613 liunt](
1277 4544 1382 4611 )-ntG
1492 4549 1560 4598 atta·

202 4622 289 4706 gines]
309 4637 367 4687 add.
385 4635 459 4702 gloss.
477 4636 501 4684 in
520 4653 597 4701 nrarp.
617 4636 640 4685 0
658 4635 746 4685 auium
765 4637 865 4702 species
981 4633 1013 4685 27
1043 4646 1218 4699 omoryuyson
1239 4632 1310 4683 GM:
1330 4646 1506 4700 omorynyson
1527 4632 1559 4682 G:

203 4725 363 4776 omoriusion
381 4722 420 4773 H:
449 4722 508 4774 add.
525 4724 601 4790 gloss.
625 4722 649 4771 ia
667 4740 744 4787 marg.
766 4721 788 4773 G
812 4721 899 4773 insula
924 4738 1015 4790 graece
1037 4735 1118 4787 nysos
1142 4720 1237 4771 dicitur
1261 4717 1360 4786 [graece
1376 4719 1492 4784 fortasse
1509 4721 1562 4785 soie

204 4805 256 4862 hou
275 4810 360 4881 ἑτέραν
384 4808 476 4880 ὅμορον
495 4807 570 4860 οὖσαν
593 4807 664 4860 οὐδὲν
682 4807 780 4860 rehtma
804 4810 953 4882 ε1σέρχεται,
976 4807 1033 4860 ἀλλ’
1055 4806 1119 4860 ἄλλα
1142 4807 1187 4875 μὲν
1211 4807 1295 4876 τρέφει
1315 4805 1368 4876 ζῷα
1385 4802 1479 4862 λὺκους
1500 4804 1524 4858 δ’
1545 4806 1561 4875 1,

204 4897 339 4956 ἀλώπεκας
357 4896 373 4966 ’l
391 4915 415 4948 τι
433 4901 486 4947 τῶν
505 4896 624 4964 μειζόνων
643 4897 686 4947 καὶ
705 4895 856 4969 κακούργων
875 4895 985 4966 οὐδαμῇ]
