3510 5610
632 310 842 399 sonurrours
860 314 907 368 no
926 312 1107 368 cressonis
1264 299 1271 315 ”
1435 309 1544 375 m

245 488 318 552 dam
343 489 565 568 substantiam,
599 489 741 554 animalis
772 489 909 553 fortassis
936 493 990 552 aut
1018 486 1168 570 corporiS,
1201 485 1227 548 si
1252 485 1338 569 prius
1365 484 1403 548 ab
1432 483 1494 547 alio
1512 496 1561 555 559

248 596 454 654 transmotata
477 597 508 655 et
530 596 687 676 corrupta,
715 593 758 655 sic
781 590 986 655 committitur
1007 591 1039 653 in
1061 589 1154 652 unius
1174 588 1391 652 substantiam.
1435 604 1539 652 nonae

247 693 331 756 enim
354 694 434 758 inest
456 694 635 776 intellegere
667 701 698 757 et
719 694 812 758 simul
834 694 988 757 saluatam
1010 693 1220 774 incorruptam
1243 690 1334 755 etad
1356 692 1498 756 substan-

245 796 323 859 tiam
348 796 478 860 alicuius
501 797 592 860 unius
615 797 819 860 commissam.
864 795 890 859 si
912 795 996 858 enim
1018 801 1161 877 corrupta
1183 794 1246 857 sint
1272 794 1376 874 unita,
1403 816 1498 858 unam

217 912 236 960 54
245 899 411 982 perficiunt
424 899 646 962 substantiam:
670 900 697 962 si
717 920 790 963 uero
806 899 921 963 saluari
935 905 1073 982 possunt,
1096 898 1153 961 etsi
1169 897 1305 960 fortassis
1320 918 1376 961 nos
1389 897 1497 975 lateat,

245 1022 309 1065 non
331 1002 456 1065 uidetur
478 1002 721 1066 connaturaliter
743 1002 775 1065 in
798 1023 893 1065 unam
916 1000 1123 1065 substantiam
1150 999 1233 1062 uniri
1260 1000 1341 1063 sicut
1363 1000 1497 1064 mixtum

246 1126 284 1167 cx
306 1104 380 1168 uino
403 1111 434 1168 et
456 1125 549 1187 aqua,
572 1103 726 1187 siquidem
748 1104 858 1169 olearis
879 1125 1014 1188 spongea
1037 1102 1160 1186 repellit
1182 1123 1292 1185 puram
1308 1124 1345 1167 ex
1361 1103 1497 1167 mixtura

245 1228 371 1291 aquam,
395 1216 426 1271 et
447 1229 582 1291 papyrus
604 1195 756 1271 similiter.
801 1228 856 1292 per
878 1208 936 1270 lroc
958 1205 1097 1288 coaptari
1119 1205 1346 1269 aestimandum
1368 1190 1428 1269 sibi
1449 1207 1496 1270 in·
1509 1221 1539 1264 so

246 1310 357 1386 uicem,
380 1310 433 1373 sed
456 1331 518 1373 non
542 1311 624 1373 uniri
646 1310 839 1374 naturaliter.
884 1308 946 1371 tale
969 1308 1064 1391 igitur
1078 1308 1221 1372 mirabile
1235 1309 1270 1371 in
1284 1308 1399 1388 anima,
1422 1329 1497 1392 quo-

207 1427 233 1472 m
247 1411 337 1475 modo
360 1411 392 1475 id
415 1413 514 1496 ipsum
540 1419 571 1475 et
592 1414 740 1476 miscetur
761 1410 861 1488 alteri,
884 1411 965 1473 sicut
987 1432 1024 1474 ea
1046 1418 1214 1492 quaesunt
1231 1417 1443 1493 concorrupta‚
1467 1417 1498 1475 et

246 1521 352 1578 manet
373 1515 421 1578 sui
443 1515 567 1578 saluans
595 1515 777 1592 essentiam,
811 1513 891 1576 sicut
918 1534 954 1576 ea
981 1534 1061 1595 quae
1089 1521 1162 1576 sunt
1189 1514 1340 1596 apposita.
1385 1519 1498 1577 natura

146 1694 151 1705 ¹
246 1617 336 1680 enim'
351 1617 412 1680 ista
434 1617 688 1700 incorporalium:
713 1615 827 1678 etenim
850 1636 957 1679 eorum
980 1635 1060 1697 quae
1083 1624 1156 1679 sunt
1178 1615 1398 1679 immaterialia
1419 1616 1497 1679 mix-

244 1727 315 1783 tura
338 1740 401 1784 non
425 1720 555 1782 efficitur
577 1741 648 1783 cum
668 1718 873 1801 corruptione,
895 1717 949 1780 sed
963 1718 1162 1801 improhibite
1177 1740 1233 1802 per
1248 1718 1352 1782 omnia
1367 1718 1499 1801 implent

244 1843 277 1886 se
300 1822 447 1885 habentia
470 1830 620 1906 oportune
643 1821 828 1905 recipiendo,
852 1828 882 1883 et
905 1840 959 1903 per
981 1828 1083 1883 totum
1103 1822 1291 1905 perueniunt
1305 1822 1386 1885 sicut
1400 1822 1498 1884 incor-

207 1941 233 1985 15
246 1931 337 2008 rupta
348 1925 407 1987 sibi
420 1925 564 2002 inuicem,
581 1931 612 1987 et
623 1928 752 1986 manent
763 1923 967 1986 incommixta
979 1929 1010 1985 et
1020 1923 1267 2007 inconcorrupta.
1298 1922 1499 2007 incorporalis
1512 1939 1539 1980 ⁴⁰

246 2029 329 2092 enim
359 2027 493 2090 essentia
520 2033 551 2090 et
582 2026 629 2089 sui
661 2032 709 2089 est
738 2025 852 2088 unifica
882 2025 913 2088 in
944 2025 1224 2108 impartibilitatem
1255 2033 1286 2089 et
1315 2026 1498 2109 cuicumque

245 2129 470 2214 proximauerit
492 2129 610 2212 corpori
632 2129 672 2192 ad
694 2129 1019 2212 contemperationem,
1044 2149 1081 2191 ex
1104 2148 1166 2210 qua
1189 2132 1220 2191 et
1242 2128 1413 2212 particulae
1434 2131 1497 2193 cor-

244 2234 327 2322 poris
348 2233 408 2296 sibi
430 2232 566 2295 inuicem
588 2231 749 2309 uniuntur.
794 2236 900 2294 manet
923 2251 992 2313 ergo
1015 2231 1174 2294 inconfuse
1194 2231 1296 2310 unita3
1320 2253 1356 2294 ac
1371 2251 1425 2314 per
1440 2232 1497 2296 hcc

247 2336 443 2420 impertibilis
466 2334 592 2417 quidem
614 2342 741 2413 natura,
770 2333 885 2418 partita
907 2353 980 2396 uero
1003 2327 1264 2397 connaturalitate
1287 2354 1368 2416 quae
1390 2340 1437 2397 est
1459 2334 1499 2397 ad

205 2455 233 2499 ac
247 2460 366 2523 corpus,
411 2439 445 2501 in
466 2438 513 2500 his
535 2436 618 2500 enim
642 2457 721 2519 quae
744 2436 937 2514 illuminant,
965 2443 1072 2519 utpote
1094 2435 1221 2499 lucerna
1243 2436 1358 2519 posita,
1385 2436 1498 2499 solum-

246 2542 337 2606 modo
366 2541 421 2604 lux
448 2561 519 2604 aera
546 2538 680 2622 quodam
704 2538 795 2602 modo
818 2539 928 2616 afficit,
955 2538 1019 2622 ipse
1047 2559 1119 2601 uero
1146 2538 1226 2621 ignis
1253 2539 1286 2602 in
1313 2537 1498 2602 candelabro

248 2653 384 2709 tenetur:
408 2643 441 2707 in
464 2642 620 2706 essentiali
643 2649 748 2706 autem
770 2639 955 2724 incorporali
976 2641 1042 2704 uita
1058 2641 1231 2704 animatum
1247 2640 1372 2723 quidem
1389 2661 1498 2726 corpus
1512 2656 1541 2698 ao

247 2749 282 2810 fit
304 2746 517 2810 illuminatum
539 2745 578 2808 ab
602 2765 647 2822 ea,
670 2749 877 2807 ueruntamen
895 2764 957 2807 non
973 2743 1121 2805 miscetur
1135 2742 1168 2805 in
1183 2764 1292 2822 unum,
1314 2743 1394 2806 sicut
1410 2743 1499 2826 ignis,

247 2850 301 2914 sed
324 2857 370 2912 est
393 2829 507 2931 ubique
530 2847 674 2931 corporis,
696 2867 759 2910 non
780 2853 817 2909 ut
839 2845 925 2909 aliud
947 2845 979 2907 in
1002 2844 1063 2908 alio
1086 2865 1141 2928 per
1163 2845 1390 2928 appositionem
1411 2866 1500 2930 coap-

206 2962 358 3032 astatum,
381 2950 435 3015 sed
456 2930 616 3014 inconfuse
638 2949 745 3013 unitur
768 2955 799 3012 et
821 2970 876 3033 per
898 2953 998 3012 totum
1022 2946 1133 3010 diffusa
1149 2953 1205 3025 est,
1228 2968 1357 3010 manens
1373 2947 1499 3030 quidem

247 3054 465 3141 perfectissime
489 3051 731 3135 incorruptibilis
754 3059 789 3114 ut
810 3050 1021 3134 incorporalis.
1065 3049 1092 3112 si
1107 3070 1181 3113 uero
1197 3049 1230 3112 in
1245 3049 1422 3134 corporibus
1438 3071 1500 3114 non

247 3157 402 3241 recipiunt
423 3156 518 3218 talem
541 3154 694 3218 unitatem
717 3154 784 3217 fieri
806 3154 984 3233 mixtorum,
1007 3151 1061 3215 sed
1083 3151 1115 3214 id
1136 3151 1240 3235 ipsum
1259 3152 1426 3216 ostendunt
1448 3174 1499 3216 ex-

248 3262 405 3341 istentem·
417 3262 599 3337 mixturam,
620 3277 683 3319 non
700 3264 746 3319 est
761 3255 964 3340 impossibilc;
987 3254 1051 3334 sed,
1074 3253 1148 3337 quia
1162 3253 1371 3337 incorporalis,
1394 3255 1500 3318 anima

248 3361 446 3446 impassibilis
474 3366 521 3424 est
548 3359 637 3423 malis
664 3359 852 3422 intrantibus
875 3356 1069 3421 obaudiendo
1091 3355 1269 3439 corporibus
1291 3355 1324 3418 in
1346 3357 1498 3423 mixturis.
1512 3374 1541 3416 so

207 3482 234 3526 au
248 3463 452 3548 incorporales
476 3463 557 3526 enim
581 3462 732 3524 essentiae
755 3461 931 3544 corporibus
947 3461 1097 3523 uniuntur
1116 3465 1148 3522 et
1162 3464 1291 3522 manent
1310 3459 1499 3543 inconfusae,

249 3588 409 3650 unumque
432 3586 501 3629 cum
530 3564 589 3627 alio
616 3563 714 3627 factae
746 3571 777 3627 et
799 3584 854 3647 per
874 3584 907 3626 so
929 3563 1009 3645 ipsas
1036 3582 1133 3624 unum
1155 3561 1309 3639 saluatae;
1343 3567 1500 3628 ettamen

251 3674 438 3736 conuertunt
461 3667 515 3730 illa
536 3668 568 3729 iu
592 3666 837 3748 quibuscumque
859 3666 938 3728 liunt
958 3664 992 3727 in
1012 3663 1223 3747 operationem
1239 3683 1317 3746 quae
1330 3665 1500 3730 secundum

251 3795 302 3839 eas
325 3779 385 3836 est:
413 3771 494 3834 sicut
519 3769 564 3833 sol
588 3769 619 3831 in
643 3769 743 3832 lucem
767 3788 838 3830 aera
861 3768 1015 3831 conuertit
1036 3774 1068 3830 et
1089 3766 1167 3850 ignis
1189 3766 1331 3849 proxima
1354 3767 1498 3848 calificat;

390 3935 598 3944 ——-.-——-..

199 4034 208 4084 l
229 4031 334 4083 fortasis
355 4027 391 4080 0²
409 4029 432 4077 ιἰι
451 4044 503 4077 ras.
609 4027 642 4078 ab
661 4025 725 4095 alio]
745 4028 777 4079 ab
796 4045 826 4077 aa
844 4027 869 4079 al
881 4028 992 4094 soricum
1011 4026 1063 4079 aliu
1081 4027 1105 4076 ιἰι
1125 4044 1178 4076 rus.
1199 4025 1235 4076 θ’
1253 4026 1372 4093 (aliunde
1391 4027 1517 4094 Daetner)

196 4120 212 4171 2
239 4120 412 4171 transmutata
433 4114 483 4166 6¹:
502 4117 698 4166 transmotatam
720 4113 819 4165 cuir!
934 4117 1055 4181 corrupta
1076 4112 1123 4164 G‘:
1143 4118 1287 4180 corruptam
1310 4114 1409 4165 G'JHl!
1523 4117 1552 4168 in

194 4207 274 4258 unius
294 4204 422 4256 Daetner:
441 4219 456 4253 s
475 4219 490 4252 s
509 4203 590 4254 unius
603 4202 635 4253 G
742 4202 915 4255 substantiam
934 4201 1063 4251 Duebner:
1080 4201 1244 4252 substantiae
1264 4201 1301 4266 (·e
1321 4204 1345 4251 in
1364 4204 1428 4269 ras.)
1451 4201 1473 4253 G

195 4295 211 4346 8
239 4294 347 4362 papirus
373 4288 461 4342 GHM
600 4291 633 4343 10
659 4291 676 4342 ι’.
693 4310 714 4341 a.
735 4307 824 4358 praece
847 4294 903 4345 πῶς
923 4287 952 4339 τὸ
975 4286 1036 4339 abab
1061 4288 1104 4339 ναὶ
1132 4288 1244 4356 μίγνυται
1267 4288 1355 4360 ἑτέρῳ,
1383 4287 1498 4361 καθάπερ
1522 4291 1554 4342 τὰ

195 4377 359 4451 maetam
384 4381 428 4431 καὶ
451 4380 518 4448 μένει
540 4379 586 4448 τὴν
611 4378 701 4430 ἑαυτοῦ
723 4377 803 4446 σῷζον
826 4375 922 4439 οὐσίαν,
950 4373 1064 4446 καθάπερ
1087 4377 1118 4427 τὰ
1141 4375 1309 4448 παρακείμενα
1449 4378 1480 4428 14
1507 4377 1552 4429 ha·

195 4467 286 4520 bentia
309 4470 435 4533 oportune
462 4464 622 4533 recipiendo]
653 4483 741 4531 praece
762 4465 824 4529 sort.
848 4464 881 4515 τὰ
903 4461 1049 4532 ἐπιτηδείως
1072 4460 1162 4533 ἔχοντα
1184 4460 1341 4536 ἐπιδέχεσθαι
1451 4464 1482 4516 15
1510 4466 1550 4517 in·

196 4557 367 4621 concorrupta
388 4553 424 4604 G:
443 4555 594 4620 incorrupta
612 4550 670 4601 Hit
797 4552 827 4604 16
853 4551 951 4603 unifica
974 4549 1009 4601 G:
1030 4550 1136 4602 uiuifica
1155 4548 1217 4601 HM
1341 4551 1372 4604 18
1399 4532 1553 4603 inconfusae

198 4641 265 4693 Gli!
385 4657 416 4694 ac
435 4658 479 4710 por
496 4642 546 4692 hcc
565 4640 620 4703 aaa]
644 4657 734 4705 praece
753 4641 796 4692 καὶ
815 4638 854 4691 aa
876 4643 950 4690 τοῦτο
969 4637 1100 4709 ἀμέριστος
1123 4639 1168 4705 μὲν
1192 4636 1276 4706 obstr,
1300 4638 1450 4709 μεριζομένη
1475 4637 1552 4710 ders]

195 4728 256 4799 πρὸς
274 4729 304 4781 τὸ
322 4734 398 4796 σῶμα
416 4727 526 4797 mappula
650 4727 683 4779 ⁵25
707 4727 796 4779 defusa
817 4725 873 4777 GH
983 4724 1017 4775 ⁶25)
1045 4726 1205 4792 inpassibilis
1227 4727 1250 4777 G
1374 4723 1551 4792 obaudiendo]

195 4817 228 4868 ad
247 4816 440 4868 obaudiendum
463 4815 497 4863 G¹
595 4813 630 4865 30
647 4813 784 4866 inconfuse
805 4813 840 4864 Gl
938 4813 967 4863 31
990 4828 1122 4879 unumque
1139 4812 1195 4880 etc]
1215 4814 1381 4880 praesefert.
1399 4811 1470 4864 ἕντι
1488 4812 1552 4880 μετὰ

195 4901 303 4973 θατέρου
322 4903 448 4973 γινόμεναι
466 4904 509 4954 καὶ
527 4901 556 4953 rb
575 4899 637 4953 καθ’
659 4901 748 4959 ἑαυτὰς
765 4901 792 4952 ἓν
811 4901 948 4969 σῳζόμεναι

1308 4985 1350 5050 4,,
