3510 5610
635 1519 1115 1595 PRAEFATIO

289 1825 444 1891 Prisciani
467 1826 550 1912 Lydi
572 1827 636 1891 ‹luo
659 1826 782 1892 edimus
808 1847 891 1911 quae
917 1829 988 1893 sola
1010 1827 1106 1894 hodie
1128 1834 1240 1894 extant
1263 1830 1427 1914 opuscula,
1453 1829 1553 1895 Meta-

200 1944 344 2028 phrasim
370 1947 403 2010 iu
427 1945 703 2031 Theophrasteam
733 1947 775 2012 de
797 1947 912 2012 Anima
938 1947 1197 2032 disputationem,
1230 1956 1263 2015 et
1284 1948 1484 2015 Solutionum
1507 1949 1550 2015 ad

122 2109 125 2113 -
201 2063 377 2130 Ohosroem
400 2065 581 2131 versionem
603 2065 763 2131 Latinam.

867 2339 882 2403 I

284 2543 377 2609 Prior
403 2543 516 2609 borum
544 2543 706 2628 librorum,
734 2562 917 2628 quanquam
939 2542 1129 2629 Μετάφρασις
1149 2548 1207 2608 τῶν
1230 2543 1418 2630 Θεοφράστου
1444 2547 1477 2612 in
1501 2568 1551 2613 oo-

200 2661 324 2727 dicibus
350 2661 543 2746 inscribitur,
576 2683 637 2728 nec
665 2670 750 2729 totus
777 2661 819 2728 ab
852 2683 915 2728 uno
942 2661 1167 2745 Theophrasto
1197 2662 1318 2748 pendet
1350 2684 1410 2730 nec
1436 2685 1550 2732 revera

202 2781 300 2848 babet
316 2782 401 2866 quod
416 2782 450 2847 in
466 2782 660 2865 metaphrasi
676 2784 729 2848 rel
744 2780 934 2867 paraphrasi
949 2780 1084 2848 inveniri
1101 2782 1192 2847 solet.
1223 2801 1263 2847 ex
1274 2781 1450 2848 Iamblicho
1465 2783 1549 2849 enim

199 2900 419 2985 Metapbrasta
440 2901 474 2966 in
496 2921 571 2967 suos
594 2901 837 2966 commentarios
860 2901 1020 2985 permulta
1048 2901 1210 2966 transtulit
1232 2907 1264 2966 et
1286 2903 1489 2969 transtulisse
1511 2924 1547 2970 se

200 3019 331 3105 fatetur,
364 3040 447 3102 quae
473 3013 581 3085 autern
604 3018 846 3103 Theophrastus
871 3020 941 3103 ipse
963 3019 1178 3103 Peripatetico
1207 3040 1303 3086 sensu
1329 3021 1549 3104 intellegenda

199 3137 382 3222 scripserat,
421 3159 461 3204 oa
492 3138 598 3204 omnia
629 3138 714 3203 omni
746 3137 928 3220 interpretis
959 3145 1028 3203 arte
1061 3137 1104 3202 ad
1138 3139 1368 3206 Iamblioheam
1403 3138 1549 3206 veritatis

199 3277 342 3322 normam
369 3257 612 3322 accommodare
638 3256 767 3323 studuit.
813 3256 905 3321 huius
934 3256 1020 3321 modi
1045 3258 1225 3323 recentiora
1253 3258 1278 3323 si
1305 3257 1479 3325 remoreris
1505 3293 1548 3303 —

199 3387 231 3442 et
252 3376 347 3443 facile
370 3385 575 3443 removentur
597 3376 624 3441 si
646 3378 786 3442 colorem
809 3375 963 3442 orationis
986 3377 1189 3442 attendas-
1206 3374 1451 3461 Theophrastea
1474 3382 1548 3441 sunt

199 3496 335 3580 reliqua,
369 3496 579 3581 Physicorum
613 3516 631 3562 e
664 3495 745 3561 libro
778 3495 904 3579 quinto,
943 3495 997 3579 qui
1029 3495 1070 3561 de
1102 3496 1218 3561 Anima
1251 3503 1334 3580 erat,
1366 3490 1548 3580 fragmenta

198 3616 315 3698 exigua
345 3635 385 3682 ea
416 3615 544 3699 quidem
574 3616 632 3681 sed
665 3615 752 3680 haud
778 3614 969 3699 spernenda.
1023 3614 1057 3680 in
1088 3615 1138 3680 bis
1171 3614 1255 3681 enim
1289 3613 1547 3699 Theophrastum

197 3734 342 3800 ridemus
378 3734 561 3800 Aristotelis
599 3734 737 3816 vestigia
777 3740 964 3816 sequentem
1002 3735 1102 3799 verba
1140 3734 1208 3800 eius
1246 3733 1345 3799 citare
1382 3739 1414 3797 et
1450 3733 1545 3798 inter·

198 3853 330 3936 proteri,
376 3854 582 3936 quaestiones
622 3851 803 3934 instituere,
832 3853 1028 3918 solutiones
1068 3854 1225 3919 indicare:
1274 3861 1306 3919 et
1349 3851 1449 3918 sicubi
1487 3874 1544 3936 pro

197 3971 349 4036 librorum
373 3974 413 4038 de
429 3972 546 4037 Anima
567 3971 694 4037 ratione
715 3969 812 4035 aliam
834 3970 903 4036 sive
926 3991 966 4037 ex
985 3972 1049 4038 alio
1067 3972 1249 4039 Aristotelis
1271 3970 1390 4055 scripto
1412 3970 1547 4037 arcessit

196 4090 264 4156 sive
292 4091 332 4156 de
361 4112 419 4157 suo
446 4091 626 4174 substituit,
658 4091 692 4155 in
718 4110 842 4155 summa
869 4099 976 4157 tamen
1003 4112 1038 4157 re
1067 4099 1100 4156 et
1126 4091 1283 4157 rationem
1310 4099 1342 4157 et
1369 4090 1545 4156 orationem

197 4208 292 4274 refert
315 4211 427 4292 quales
450 4216 482 4275 et
503 4209 564 4294 ipsi
592 4209 739 4274 novimus
762 4229 803 4275 er
831 4208 919 4274 libris
942 4210 995 4294 qui
1022 4210 1063 4277 de
1086 4211 1202 4275 Anima
1224 4211 1307 4276 inter
1334 4230 1394 4275 nos
1416 4209 1545 4275 circum·

196 4326 340 4393 seruntur
361 4327 572 4392 Aristoteleis.
610 4347 694 4411 quae
716 4349 786 4393 cum
809 4328 986 4394 intercedat
1011 4330 1095 4395 inter
1116 4329 1320 4395 Aristotelem
1336 4312 1544 4394 'necessitudo

196 4455 227 4510 et
248 4445 506 4531 Theophrastum
534 4447 575 4511 de
601 4445 717 4511 Anima
743 4446 933 4532 scribentes,
967 4447 1075 4515 neseio
1103 4467 1166 4531 quo
1192 4449 1259 4513 sato
1287 4446 1407 4513 factum
1435 4454 1484 4512 est
1509 4414 1545 4511 ‘ut

196 4564 255 4631 hac
276 4574 389 4632 nostra
416 4574 524 4632 aetate
553 4565 695 4646 insignes
719 4564 899 4631 Aristotelis
925 4567 1118 4651 interpretes
1141 4563 1454 4648 Trendelenburgius
1480 4585 1543 4629 uno

194 4691 316 4750 tantum
349 4687 421 4751 loco
454 4683 684 4769 Metapbrasim
719 4684 934 4751 Priscianeam
966 4684 1204 4769 memoraverit,
1238 4705 1280 4751 ne
1312 4705 1376 4751 uno
1415 4683 1543 4767 quidem

194 4802 405 4890 Torstrikius;
440 4804 492 4888 qui
519 4802 546 4867 si
573 4803 737 4869 Prisciano
767 4824 897 4889 operam
930 4804 1082 4887 dedisset,
1117 4803 1370 4871 coniecturarum
1397 4824 1477 4887 quas
1502 4804 1543 4869 de
