3510 5610
382 320 630 401 ARlSTthllANlS
650 324 832 377 lllSTllltlllli
852 324 1043 376 astrolabium
1065 324 1212 375 liPlTOllE
1232 324 1241 374 Ι
1261 323 1373 375 38-42
1517 325 1552 384 1]

253 500 380 584 ὑπάρχει
402 499 503 584 θηρίον
525 499 555 561 ἐν
577 503 637 567 τοῖς
657 496 765 567 τόποις.
802 497 871 560 οὐδὲ
894 497 950 580 μὴν
973 497 1009 559 τὰ
1032 498 1156 581 μαλιστα
1178 498 1317 561 δοκοῦντα
1340 498 1445 560 ἀδικεῖν
1469 495 1504 558 τὰ
1515 502 1548 558 23

254 601 411 686 μικρότατα
433 606 491 665 τῶν
514 602 654 687 ἰχθυδίων
682 601 750 663 οὐδὲ
772 605 862 663 ταῦτα
883 600 988 683 γίνεται
1014 600 1089 675 ἐκεῖ,
1117 600 1177 662 οἷον
1203 602 1340 668 πώλυπες
1366 601 1505 682 πάγουροι
1519 615 1544 655 1⁶

254 703 376 768 ἀστακοί
398 706 504 768 καὶτὰ
526 704 622 788 όμοια.
664 705 712 766 καὶ
734 704 781 766 διὰ
802 708 892 767 ταῦτα
914 701 964 766 σύν
986 704 1035 766 καί
1057 703 1105 766 διὰ
1126 704 1178 786 τὴν
1201 703 1288 766 ἀλέαν
1312 704 1327 766 6
1350 701 1434 771 τόκος
1455 703 1503 766 καί

253 809 268 870 6
291 808 466 891 ἑκτοπισμός
488 812 547 876 τοῖς
568 807 712 876 πλείστοις
731 807 801 870 ἐκεῖ.
873 806 945 890 (39)
967 805 1066 892 ὀχεύει
1088 807 1191 869 δὲκαὶ
1214 805 1348 891 ὀχεύεται
1370 807 1419 868 καὶ
1441 804 1504 868 κύει

227 913 300 974 saal
323 911 410 974 τίκτει
432 913 453 995 ἥ
475 933 505 973 τε
533 910 624 994 σηπία
649 912 698 973 καὶ
725 911 741 972 6
768 913 873 994 πῶλυψ
899 910 948 972 καί
973 911 993 992 ἡ
1020 909 1117 978 τευθίς
1143 914 1238 973 πᾶσαν
1265 911 1343 994 ώραν
1369 908 1502 992 καθάπερ
1516 925 1544 966 ao

164 1031 170 1043 ·
251 1014 415 1098 ἅνθρωπος.
449 1014 530 1096 καὶὴ
548 1014 599 1096 μὲν
616 1013 707 1097 σηπία
721 1014 769 1076 καὶ
791 1013 923 1096 ἠτευθίς
944 1013 1032 1075 τίκτει
1054 1012 1169 1095 μύρτοις
1191 1011 1278 1095 ὅμοια
1298 1013 1335 1075 τὰ
1357 1010 1413 1097 (ῥά,
1437 1012 1503 1075 όδὲ
1582 1007 1586 1015 ’

252 1118 357 1201 πῶλυψ
380 1120 439 1185 τοῖς
460 1122 513 1200 τῆς
534 1116 640 1198 λεύκης
661 1115 762 1179 ἄνθεσι
784 1116 942 1200 παρόμοιον
964 1116 1012 1178 τὸν
1033 1114 1136 1201 βότρυν
1159 1115 1289 1178 ἐκτίκτει.
1345 1112 1426 1197 (40)
1447 1116 1502 1178 τίκ·

251 1241 331 1283 τουσι
358 1221 390 1283 δὲ
416 1222 444 1282 υἱ
466 1221 568 1283 πολλοὶ
593 1223 651 1282 τῶν
680 1219 793 1304 ἰχθύων
820 1218 896 1287 aeret
922 1222 973 1281 τού
999 1219 1146 1294 ἐνιαυτοῦ,
1173 1221 1214 1287 ώς
1241 1216 1342 1287 θύννος
1367 1217 1504 1301 πηλαμύς

252 1324 401 1406 κεστρεύς,
428 1323 537 1409 λάβραξ
562 1323 595 1389 δὲ
617 1323 659 1392 δίς
679 1326 731 1385 τοῦ
754 1319 848 1400 ἔτους,
876 1321 975 1406 τρίγλη
998 1322 1031 1384 δὲ
1052 1321 1125 1406 τρίς,
1148 1319 1217 1384 ὅθεν
1239 1321 1287 1383 καὶ
1309 1318 1436 1405 τοῦνομα
1458 1320 1502 1385 κέ·
1516 1338 1543 1381 ss

203 1442 248 1487 ονε
262 1449 377 1511 κτηται,
404 1425 539 1510 σκορπίος
566 1427 598 1488 δὲ
624 1426 753 1509 τετράκις
778 1429 830 1488 τού
858 1422 953 1498 ἔτους,
982 1424 998 1486 6
1024 1425 1057 1487 δὲ
1078 1423 1233 1507 λεγόμενος
1254 1427 1388 1509 κυπρῖνος
1412 1422 1415 1510 ]
1440 1448 1503 1488 πεν-

213 1549 236 1592 11
252 1533 340 1598 τάκις.
412 1529 484 1612 (41)
506 1532 563 1591 τῶν
586 1528 618 1591 δὲ
639 1528 802 1612 λεγομένων
825 1530 1003 1618 σελαχωδῶν
1027 1526 1139 1612 ἰχθύων
1161 1529 1209 1590 καὶ
1232 1529 1503 1610 σκυμνοτοκούντων

254 1637 273 1718 ἡ
309 1633 371 1718 ῥίνη
406 1632 457 1716 μὲν
490 1633 539 1696 καὶ
571 1632 588 1694 6
621 1634 697 1700 λεῖος
729 1631 833 1714 γαλεὸς
866 1632 908 1700 δίς
940 1634 990 1694 τοῦ
1025 1628 1108 1722 1φ’τους
1140 1631 1265 1694 τίκτουσι
1297 1631 1345 1693 καὶ
1378 1633 1502 1713 μαλιστα

252 1743 294 1819 τῷ
323 1736 502 1819 μετοπώρῳ,
531 1735 551 1817 ἡ
579 1735 612 1797 δὲ
637 1736 728 1819 νάρκη
751 1735 800 1797 καὶ
826 1733 900 1818 αότὴ
932 1734 984 1816 μὲν
1011 1734 1054 1802 δὶς
1080 1754 1101 1794 ν
1123 1753 1144 1793 ν
1168 1738 1211 1818 τῷ
1239 1733 1428 1819 φθινοπώρῳ.

252 1839 324 1922 (42)
350 1839 512 1922 ῥηθήσεται
537 1837 639 1900 δὲκαὶ
661 1836 855 1921 περὶτούτων
879 1835 952 1899 κατὰ
974 1837 1143 1920 προγραφὴν
1165 1837 1195 1900 ἐν
1218 1841 1262 1922 τῷ
1285 1837 1381 1922 τρίτῳ,
1404 1838 1503 1923 διόπερ
1515 1845 1550 1902 24

214 1959 239 2003 15
252 1943 306 2006 οόκ
327 1939 521 2025 ἐξειργαστέον
544 1940 575 2001 ἐν
597 1938 701 2024 τούτῳ.

198 2222 215 2273 4
239 2218 333 2290 ὀχεύει]
353 2220 434 2271 Arist.
447 2219 507 2270 hist.
520 2218 598 2269 anim.
612 2213 634 2270 Ε
649 2217 680 2269 12
699 2234 724 2285 p.
738 2216 825 2269 54421
851 2217 928 2269 τίκτει
946 2216 972 2270 δὲ
991 2218 1083 2271 καὶτὰ
1101 2217 1213 2286 μαλάκια
1230 2223 1275 2271 τοῦ
1294 2220 1377 2290 ἔαρος,
1401 2222 1444 2274 καί
1464 2221 1557 2280 ἐντοῖς
1627 2231 1633 2243 ’

199 2309 309 2380 πρώτοις
330 2306 409 2359 τίκτει
430 2311 483 2356 τῶν
504 2301 646 2356 θαλαττίων
668 2305 685 2374 η
709 2304 793 2374 σηπία.
829 2304 907 2358 τίκτει
928 2305 953 2357 δὲ
977 2311 1057 2358 πᾶσαν
1082 2305 1159 2374 ώραν.
1196 2306 1298 2359 υ1.σ.6
1321 2324 1347 2375 p.
1360 2307 1450 2361 541121

199 2396 214 2449 6
234 2393 322 2466 σηπία]
342 2394 423 2446 Arist.
435 2393 496 2444 hist.
509 2393 588 2462 anim.
601 2389 622 2444 l]
634 2392 666 2444 18
686 2409 711 2460 p.
720 2392 829 2445 550a10
847 2392 872 2444 αί
890 2392 916 2445 δὲ
929 2394 1015 2463 σηπίαι
1027 2393 1195 2457 ὀποτίκτσυσι,
1213 2395 1257 2447 καὶ
1270 2396 1361 2465 γίνεται
1373 2395 1446 2466 ὀμοια
1458 2394 1559 2466 μύρτοις

200 2484 317 2552 μεγάλοις
336 2481 378 2532 καὶ
397 2479 498 2549 μέλασιν
608 2478 700 2548 τευθίς]
719 2481 799 2532 Arist.
812 2481 873 2533 hist.
885 2481 965 2532 anim.
979 2477 1000 2533 E
1015 2481 1046 2534 18
1064 2498 1090 2549 p.
1103 2481 1212 2534 550612
1233 2483 1258 2534 σί
1276 2483 1302 2535 δὲ
1320 2481 1429 2542 τευθίδες
1447 2483 1559 2553 πελάγιαι

198 2571 386 2624 ἀπστίκτσυσιν·
412 2567 441 2620 τὸ
459 2565 478 2619 δ’
494 2565 557 2636 ῳόν,
581 2564 664 2637 ὥσπερ
687 2567 816 2636 ἠσηπία,
838 2568 967 2620 ἀποτίκτει
988 2571 1087 2639 συνεχές
1241 2569 1256 2620 7
1280 2570 1385 2641 πῶλυψ]
1403 2571 1484 2624 Arist.
1497 2572 1558 2624 hist.
1597 2559 1599 2565 ¹

198 2661 279 2712 anim.
294 2655 315 2710 E
329 2656 361 2708 12
383 2672 410 2723 p.
423 2653 514 2707 54428
539 2654 617 2706 τίκτει
640 2654 665 2706 δὲ
689 2653 717 2706 τύ
741 2653 790 2723 ιρὀν
813 2654 836 2719 (6
861 2654 996 2720 πολύπους)
1019 2655 1133 2728 καθάπερ
1159 2657 1318 2729 βοστρύχων,
1342 2657 1426 2728 όμοιυν
1449 2662 1488 2728 τιρ
1513 2662 1559 2728 τῆς

198 2745 292 2815 λεύκης
309 2747 402 2813 καρπιρ
533 2741 654 2811 τίκτουσι]
674 2743 755 2795 Arist.
768 2744 830 2795 hist,
843 2745 923 2795 anim.
936 2741 985 2796 Εθ
1004 2760 1029 2811 p.
1042 2743 1150 2797 5421132
1175 2745 1267 2814 ὁμοίως
1286 2745 1311 2798 δέ
1331 2747 1374 2799 καὶ
1392 2753 1444 2799 τῶν
1462 2744 1558 2817 ίχθύων

199 2836 223 2886 ol
245 2833 354 2886 πλεῖστοι
377 2829 442 2891 ἅπαξ
465 2830 621 2895 (τίκτουσιν),
645 2830 695 2882 olor
719 2831 742 2882 oi
765 2831 836 2899 χυτσί
859 2830 1002 2893 (καλοῦνται
1025 2830 1051 2883 δὲ
1073 2832 1145 2900 χυτοὶ
1163 2834 1185 2885 ol
1203 2837 1241 2904 τῷ
1259 2832 1352 2904 δικτύῳ
1371 2835 1559 2905 περιεχόμενοι),

197 2921 286 2980 θύννος
311 2920 427 2990 πηλαμύς
452 2919 567 2987 κεστρεύς
591 2917 706 2987 χαλκίδες
729 2918 830 2988 κοχλίαι
852 2918 940 2988 χρόμις
965 2916 1049 2988 ψῆττα
1072 2921 1115 2971 καί
1139 2921 1171 2972 τὰ
1194 2925 1297 2973 τοιαῦτα
1323 2921 1388 2991 πλὴν
1413 2921 1426 2973 6
1451 2920 1557 2991 λάβραξ·

200 3009 274 3066 οὗτος
292 3008 318 3060 δὲ
337 3008 372 3066 δίς
389 3006 487 3059 τούτων
505 3007 580 3075 μόνος
700 3005 715 3057 θ
739 3008 782 3058 καί
798 3004 920 3074 τοῦνομα]
939 3005 995 3058 Aer.
1007 3006 1062 3059 xi
1082 3023 1108 3075 p.
1121 3006 1221 3073 243‚25
1233 3009 1265 3060 H.
1283 3008 1384 3080 τρίγλην
1401 3009 1427 3062 δέ
1446 3010 1489 3062 καὶ
1507 3011 1559 3080 τρὶς

197 3097 266 3150 κύειν
279 3101 414 3165 κατηγορεῖ
424 3110 483 3164 φασι
501 3095 544 3146 καὶ
557 3092 586 3146 τό
605 3091 693 3162 ὄνομα.
722 3094 820 3146 Artem.
833 3093 984 3147 Oneiroorit.
997 3093 1061 3160 214
1079 3111 1105 3162 p.
1118 3094 1333 3161 108,9Heroher:
1357 3094 1414 3149 ὅθεν
1431 3096 1495 3168 αὐτῇ
1514 3098 1558 3150 καὶ

197 3183 307 3252 τούνομα
331 3183 434 3241 εἰκότως
458 3184 518 3251 φασί
541 3179 638 3234 κεῖσθαι
660 3183 703 3234 καὶ
720 3179 887 3252 Ἀριστοτέλης
910 3182 935 3233 ἐν
957 3188 1008 3241 τοῖς
1027 3179 1086 3253 Περὶ
1108 3183 1181 3253 ζώων
1204 3185 1248 3236 καὶ
1268 3183 1441 3257 Ἀριστοφάνης
1459 3186 1485 3237 ίν
1507 3191 1558 3244 τοῖς

197 3274 232 3331 εἰς
248 3270 418 3341 Ἀριστοτέλην
436 3269 597 3338 ὑπομνήμασι
615 3269 714 3331 (Nauck
735 3270 866 3337 Aristoph.
880 3270 943 3337 Byr.
959 3268 989 3321 ir.
1006 3286 1031 3338 p.
1046 3270 1107 3334 281)
1130 3271 1458 3340 ef.0ppian.llal.1690.
1489 3274 1558 3327 Rose

196 3361 282 3413 Praei.
295 3358 344 3427 μθ
363 3359 442 3410 Arist.
456 3357 547 3425 pseud.
559 3355 644 3424 p.316
718 3357 750 3408 10
769 3354 896 3426 σκορπίος]
914 3359 995 3409 Arist.
1004 3359 1065 3410 hist.
1076 3360 1154 3411 anim.
1165 3355 1213 3411 Ee
1231 3375 1256 3426 p.
1265 3358 1355 3412 643⁸?
1373 3362 1387 3415 6
1402 3361 1428 3413 δέ
1441 3361 1558 3430 σκορπίος

161 3452 165 3462 “
197 3448 277 3499 τίκτει
295 3446 331 3504 δίς
418 3443 545 3515 κυπρῖνος]
564 3445 644 3496 Arist.
657 3446 718 3497 hist.
731 3442 888 3497 anim.Zl4
907 3461 932 3512 p.
945 3444 1052 3497 568216
1075 3446 1185 3499 τίκτουσι
1203 3445 1222 3499 δ’
1239 3449 1263 3500 ἐν
1282 3467 1313 3519 τη
1333 3446 1482 3519 καθηκούση
1502 3448 1557 3519 ώρφ
1596 3469 1597 3474 ’

197 3541 315 3603 κυπρῖνος
334 3534 378 3601 μὲν
396 3534 512 3590 πεντάκις
530 3531 546 3602 ί]
567 3530 647 3593 ἑξάκις
779 3532 808 3584 11
833 3532 996 3603 σελαχωδῶν]
1015 3533 1110 3586 Athen.
1120 3534 1168 3588 vll
1181 3534 1251 3589 3140
1275 3535 1326 3588 ἔστι
1344 3534 1394 3606 δή
1414 3539 1502 3607 νάρκη,
1522 3535 1557 3595 ώς

198 3639 272 3692 φησιν
289 3618 470 3692 Ἀριστοτέλης,
492 3625 544 3671 τῶν
567 3619 719 3690 σελαχωδῶν
742 3621 786 3672 καὶ
807 3626 859 3672 τῶν
881 3619 1118 3688 σκυμνοτοκούντων
1261 3623 1292 3675 12
1318 3622 1383 3695 ῥίνη]
1403 3623 1483 3676 Arist.
1497 3625 1557 3676 hist.

198 3712 278 3762 anim.
291 3707 314 3761 Z
329 3709 357 3760 ll
382 3725 407 3776 p.
420 3707 527 3760 566218
552 3708 575 3759 ol
593 3707 612 3760 δ’
629 3707 698 3760 ἄλλοι
721 3707 804 3778 γαλεοὶ
826 3707 861 3766 δὶς
883 3708 993 3760 τίκτουσι
1015 3708 1081 3778 πλὴν
1103 3712 1148 3761 τοῦ
1167 3709 1279 3764 σκυλίου·
1304 3711 1376 3769 ούτος
1394 3710 1413 3762 δ’
1429 3709 1494 3771 ἅπαξ
1512 3714 1557 3762 τού

198 3798 319 3850 ἐνιαυτοῦ.
352 3796 462 3848 τίκτουσι
485 3794 511 3847 δὲ
534 3796 565 3847 τὰ
588 3797 633 3864 μὲν
655 3801 699 3848 τού
724 3796 795 3866 ἔαρος
813 3795 898 3848 αότῶν
916 3800 978 3860 (τῶν
997 3796 1134 3867 σελαχῶν),
1159 3797 1212 3868 ῥίνη
1236 3798 1262 3851 δὲ
1284 3800 1389 3851 καὶτοῦ
1408 3797 1557 3869 μετοπώρου

198 3884 258 3954 πρὸς
277 3883 344 3936 δύσιν
362 3882 474 3940 πλειάδος
492 3885 632 3954 χειμερινὴν
649 3884 678 3936 τδ
698 3882 806 3954 ὕστερον,
824 3883 853 3935 τὸ
871 3883 897 3936 δὲ
915 3890 1015 3954 πρῶτον
1033 3888 1078 3936 τού
1095 3883 1179 3955 ἔαρος·
1204 3884 1304 3956 εὐθηνεῖ
1320 3885 1339 3939 δ’
1354 3886 1432 3956 αὐτῆς
1451 3885 1557 3955 μάλιστα

198 3974 243 4040 μὲν
262 3972 276 4023 6
295 3971 365 4040 γόνος
384 3970 397 4023 6
415 3969 528 4039 ύστερσς·
552 3971 578 4023 al
596 3970 622 4024 δὲ
640 3973 729 4042 νάρκαι
747 3971 802 4041 περὶ
819 3971 848 4024 τὸ
867 3969 1027 4041 φθινόπωρον

199 4213 215 4264 ‘2
239 4210 360 4282 ἰχθυδίων
378 4214 483 4281 scripsi:
509 4209 643 4283 ίχθύωνΡ
773 4212 891 4272 πώλυπες
908 4214 989 4267 Rose:
1014 4213 1160 4273 πόλυπεςΡ
1288 4214 1394 4280 5(itom
1413 4214 1440 4279 7)
1464 4214 1556 4286 πῶλυψ

199 4302 278 4353 Rose:
306 4299 428 4369 πόλυψΡ
577 4298 592 4349 7
619 4304 729 4367 temptes
752 4303 785 4354 ad
808 4301 1006 4354 similitudinem
1024 4302 1174 4355 Aristotelis
1197 4302 1333 4373 παρόμοιόν
1355 4321 1379 4355 τι
1401 4301 1555 4373 βοστρύχων.

198 4392 225 4440 at
241 4388 384 4455 Byzantini
404 4387 492 4459 βότρυς
510 4391 536 4441 et
555 4388 659 4459 βόστρυξ
677 4391 785 4458 perinde
803 4390 901 4443 habent
1039 4390 1056 4442 8
1081 4389 1176 4461 ἰχθύων
1196 4392 1303 4458 scripsi:
1329 4389 1447 4461 ἰχθυδίων
1465 4391 1486 4443 Ρ

199 4472 271 4533 ttae
293 4476 313 4527 Ρ
467 4474 483 4526 9
510 4474 644 4548 λαύραξΡ
806 4476 839 4530 10
866 4478 979 4547 τετράκις
1002 4477 1100 4531 codicis
1124 4494 1137 4530 e
1159 4477 1195 4537 δὶς
1218 4477 1383 4532 Aristotelioo
1408 4481 1557 4546 comptum

199 4569 262 4630 puto
289 4567 394 4630 propter
419 4562 531 4616 litteram
558 4564 714 4617 numeralem
739 4563 753 4616 6
928 4564 959 4617 13
986 4565 1105 4618 lacunam
1133 4581 1186 4618 non
1214 4566 1329 4635 signavit
1355 4567 1476 4620 librarius
1502 4567 1556 4619 nisi

200 4651 267 4718 quod
291 4652 321 4703 in
344 4647 466 4719 mrgffi
489 4653 611 4720 apposuit
632 4653 672 4704 ΡΙ.
713 4653 819 4721 μάλιστα
846 4652 872 4706 δέ
900 4654 1072 4722 supplendum
1100 4659 1180 4722 puto;
1207 4658 1357 4721 excerptor,
1384 4658 1414 4707 ut
1441 4658 1557 4723 apparet,

200 4737 369 4806 torpedinem‚
387 4754 465 4806 quam
483 4739 552 4806 apud
565 4740 730 4793 Aristotelem
749 4757 807 4793 oum
826 4741 889 4793 lima
906 4757 983 4811 saepe
1001 4746 1167 4795 memoratam
1187 4742 1300 4807 videbat,
1317 4743 1358 4795 bis
1377 4759 1433 4796 eam
1453 4756 1556 4810 quoque

200 4841 320 4894 generare
338 4827 451 4879 coniecit
578 4826 610 4878 14
634 4827 700 4879 κατὰ
717 4828 863 4898 προγραφὴν
880 4828 985 4898 Sauppe
1006 4846 1039 4882 ex
1056 4845 1083 4897 p.
1099 4829 1174 4895 164:
1198 4829 1256 4883 κατ’
1272 4830 1419 4901 ἀπογραφὴν
1435 4830 1471 4882 P:
1494 4827 1552 4882 καθ’

199 4912 345 4983 ύπσχραφὴν
361 4915 431 4968 Rose
