3510 5610
283 312 344 375 106
439 310 691 364 ARISTOPHANIS
710 310 893 363 HISTORIAE
914 309 1105 362 ANIMALIUM
1125 309 1273 363 ΕΡΙΤΟΜΕ
1292 310 1484 365 11358-360

409 482 502 567 (358)
538 481 608 547 Τοῦ
641 482 750 546 αὑτοῦ
783 482 822 545 ἐκ
856 486 916 545 τοῦ
950 483 1120 551 πλάτους.
1168 480 1220 546 Ἐν
1249 488 1287 565 τῇ
1317 482 1409 569 Πάριμ
1438 490 1475 569 τῇ
1503 486 1588 571 νήσῳ

332 581 536 669 Ἀριστοτέλης
557 584 634 667 λέγει
661 588 714 668 μῦς
736 584 822 648 εἰναι·
857 586 905 648 καὶ
932 584 1029 668 μέντοι
1052 587 1100 648 καὶ
1122 586 1174 668 τὴν
1196 592 1249 669 γῆν
1272 588 1415 650 σιτεῖσθαι
1435 586 1488 671 τὴν
1510 588 1589 672 σιδη-

336 690 416 769 ρῖτιν.
447 686 591 769 Ἀμύντας
608 689 639 750 δὲ
661 688 708 749 καί
723 687 791 755 τοῦς
806 687 836 749 ἐν
852 685 992 771 Τερηδύνι
1013 687 1064 771 (γῇ
1086 687 1111 751 δ’
1129 688 1204 751 ἐστὶν
1226 688 1300 771 αὕτη
1316 693 1369 771 τῆς
1384 686 1589 775 Βαβυλωνίας)

337 788 388 871 την
411 789 501 873 αὑτὴν
523 792 633 874 τροφὴν
656 790 873 874 προσφέρεσθαι
894 790 979 872 λέγει.

309 905 323 949 5
421 891 515 974 (359)
543 889 635 960 Ἔθος
657 896 741 954 τοῦτο
765 891 930 975 Αἰγύπτιον.
974 892 1042 955 ὅταν
1064 894 1138 957 κατὰ
1160 895 1211 976 τὴν
1233 891 1380 976 Αἴγυπτον
1403 894 1459 977 ὑση
1481 892 1589 979 (ῥανίσι

338 994 371 1056 δὲ
398 994 440 1057 ύει
469 994 614 1077 λεπταῖς),
645 994 714 1077 μύες
740 1000 920 1079 παραχρῆμα
949 996 1099 1059 τίκτονται.
1148 996 1254 1059 ούκοῦν
1281 995 1355 1059 κατὰ
1384 995 1436 1065 τάς
1463 995 1590 1079 ἀρούρας

339 1099 523 1179 πλανώμενοι
551 1096 629 1159 οὑτοι
656 1098 838 1180 λυμαίνονται
864 1103 924 1165 τοῖς
950 1098 1040 1180 ληίοις
1070 1097 1275 1180 ὑποτέμνοντες
1303 1098 1371 1167 τοὺς
1400 1099 1511 1183 στάχυς
1538 1096 1588 1161 καὶ

338 1198 550 1283 ὑποκείροντες,
577 1199 634 1283 ἤδη
658 1199 755 1282 μέντοι
776 1201 824 1261 καὶ
847 1200 913 1269 τοὺς
936 1200 1048 1284 σωροὺς
1070 1206 1127 1262 τῶν
1150 1202 1321 1283 δραγμάτων
1343 1200 1522 1284 κεραΐζοντες
1542 1180 1589 1263 λὺ·

338 1306 424 1364 ποῦσι
446 1302 512 1370 τοῦς
528 1301 710 1383 Αἰγυπτίους.
746 1303 794 1364 καί
817 1302 864 1365 διά
886 1308 975 1365 ταῦτα
998 1304 1091 1384 πάγας
1107 1326 1137 1365 τε
1160 1302 1258 1371 αὑτοῖς
1279 1304 1459 1387 ἐλλοχῶντες
1481 1304 1588 1405 ίστᾶση,

298 1418 324 1461 10
337 1404 385 1464 καὶ
410 1404 537 1488 θριγκοῖς
560 1406 780 1473 ἀναστέλλοντες
803 1405 851 1467 καί
872 1406 991 1489 τάφροις
1013 1404 1187 1488 ἀνείργοντες
1209 1408 1257 1468 καὶ
1272 1406 1400 1474 καίοντες
1421 1406 1452 1467 ἐν
1473 1404 1589 1473 ταύταις

337 1511 404 1590 πῦρ.
449 1509 475 1571 οῖ
500 1508 590 1570 τοίνυν
614 1507 684 1589 μύες
706 1506 772 1570 οὑτε
793 1509 846 1591 τὴν
868 1508 963 1591 ἀρχὴν
986 1507 1057 1591 πρδς
1082 1507 1175 1587 πάγας
1202 1512 1430 1593 προσφοιτῶσιν,
1456 1508 1528 1571 ἐῶσι
1556 1508 1589 1571 δὲ

337 1609 426 1677 αὑτάς
448 1611 563 1673 ἑστάναι
586 1609 699 1679 ἄλλως·
727 1616 786 1678 τοῖς
808 1611 840 1672 δὲ
864 1614 990 1692 θριγκοῖς
1011 1614 1070 1677 τοῖς
1092 1610 1292 1692 λελειωμένοις
1315 1610 1371 1672 ὑπδ
1391 1615 1444 1693 τῆς
1464 1610 1591 1695 χρίσεως

339 1712 585 1797 ἐπαναβαίνουσιν,
609 1713 800 1775 άλτικῶτατοί
813 1736 846 1793 γε
868 1710 957 1787 ὄντες,
980 1710 1042 1774 εἶτα
1058 1710 1155 1794 μέντοι
1177 1712 1367 1796 ὑπερπηδῶσι
1389 1712 1440 1781 τάς
1454 1714 1589 1797 τάφρους.

340 1813 407 1876 ὅταν
424 1814 520 1899 μέντοι
543 1814 799 1901 ἀπαγοῖρεὺσαντες
821 1816 848 1877 οἱ
865 1814 1015 1896 Αἰγύπτιοι
1038 1814 1087 1881 τάς
1108 1814 1243 1897 μηχανάς
1265 1816 1314 1877 καὶ
1329 1814 1380 1883 τάς
1401 1814 1648 1901 ἐπιβουλάςοσυυι

298 1932 326 1977 ισ
339 1922 380 1986 ῶς
401 1918 569 2002 ἀχρήστους
591 1919 756 1982 ἀπολίπωσι
778 1919 826 1980 καὶ
842 1916 1029 2001 ἐκτραπέντες
1050 1919 1100 1981 ἐπί
1112 1942 1142 1981 τε
1164 1918 1262 2000 δέησιν
1281 1914 1391 1980 ἔλθωσι
1405 1922 1453 1981 καὶ
1469 1918 1591 1989 ἱκετείας

338 2020 390 2089 τὰς
416 2021 486 2104 πρὸς
512 2022 577 2089 τοὺς
604 2022 704 2096 θεούς,
732 2022 857 2083 ἐνταῦθα
880 2021 974 2103 δήπου
997 2023 1048 2104 τὴν
1070 2022 1103 2083 ἐκ
1126 2025 1183 2083 τῶν
1207 2022 1283 2083 θεῶν
1308 2026 1390 2103 μῆνιν
1414 2022 1591 2105 δρρωδοῦσιν

340 2125 367 2186 οἱ
395 2123 476 2204 μύες,
503 2125 552 2186 καί
578 2122 619 2193 εἰς
641 2148 667 2187 τι
691 2122 757 2208 ὄρος
779 2125 964 2208 ἀναχωροῦσι
992 2124 1068 2193 τάξιν
1091 2122 1222 2186 πλαισίου
1244 2126 1443 2207 φυλάττοντες.
1487 2124 1514 2185 οἱ
1538 2124 1591 2206 μὲν

339 2226 388 2290 οὑν
416 2230 550 2309 νεώτεροι
577 2233 692 2309 πρῶτα,
720 2226 874 2309 οὑραγοῦσι
901 2228 932 2289 δὲ
959 2228 985 2289 οῖ
1015 2225 1157 2308 μέγιστοι,
1184 2228 1232 2289 καὶ
1253 2227 1321 2295 τοῦς
1348 2224 1592 2309 ὑπολειπομένους

340 2329 560 2413 ἐπιστραφέντες
582 2329 644 2392 εἶτα
668 2329 764 2412 μέντοι
786 2329 911 2392 ἕπεσθαί
931 2350 1025 2413 σφισιν
1048 2329 1237 2415 ἐκβιάζονται.
1275 2328 1325 2391 ἐὰν
1348 2329 1381 2391 δὲ
1404 2330 1432 2392 οἱ
1453 2332 1591 2393 νεώτατοι

300 2448 328 2492 ⁶20
341 2433 497 2515 κάμνοντες
519 2434 678 2505 ἀποστῶσι,
701 2432 749 2494 καὶ
768 2432 800 2494 τδ
825 2430 964 2513 ἑπόμενον
987 2432 1100 2493 ἵσταται
1122 2434 1189 2509 πάν,
1213 2434 1254 2499 ῶς
1270 2432 1300 2493 ἐν
1315 2432 1433 2513 δυνάμει
1455 2452 1592 2515 στρατιω-

341 2541 407 2617 τικῇ
431 2536 541 2619 πέφυκε
563 2536 702 2618 γίνεσθαι.
748 2534 815 2597 ὅταν
839 2536 871 2597 δὲ
894 2535 1052 2618 ὑπάρξηται
1077 2535 1096 2615 ά,
1120 2534 1232 2595 ἐκτῶν
1256 2536 1379 2617 πρῶτων
1401 2534 1523 2617 κίνησις,
1550 2534 1592 2597 ἐν-

341 2637 436 2699 ταῦθα
458 2639 485 2699 οί
507 2638 601 2735 λοιπρί
624 2637 749 2699 ἕπονται.
789 2636 902 2719 λέγουσι
925 2638 957 2699 δὲ
979 2638 1028 2699 καὶ
1050 2637 1077 2698 οἱ
1099 2638 1148 2698 τδν
1168 2634 1275 2698 ΙΙάντον
1298 2636 1442 2703 οἰκοῦντες
1464 2636 1500 2699 τὰ
1517 2636 1594 2699 αὑτά

342 2741 390 2802 καὶ
413 2739 508 2802 ἐκεῖσε
523 2739 590 2808 τοὺς
607 2744 661 2822 μῦς
683 2742 762 2823 δρᾶν.
794 2740 979 2802 πεπίστευται
1000 2740 1032 2801 δὲ
1054 2740 1102 2801 καὶ
1117 2740 1147 2807 ἐξ
1163 2740 1253 2807 οἰκίας
1269 2740 1394 2823 ἁπάσης,
1418 2741 1480 2822 ἥτις
1495 2740 1595 2821 μέλλει

342 2844 508 2915 πεσεῖσθαι,
533 2838 554 2925 ᾗ
583 2844 680 2903 ποδῶν
708 2840 810 2926 ἔχουσι
838 2842 1051 2925 μετοικίζεσθαι
1077 2844 1193 2909 πάντας.
1239 2842 1346 2924 ἰδιότης
1372 2842 1404 2905 δὲ
1431 2841 1487 2927 ἄρα
1510 2846 1594 2924 μυῶν

301 2962 328 3005 ευ
342 2950 389 3009 καὶ
412 2946 517 3027 ἐκείνη.
551 2944 667 3007 ἐπειδάν
690 2944 838 3007 ἀκούσωσι
860 2948 950 3027 γαλῆς
965 2944 1124 3027 τρυζούσης
1145 2969 1164 3027 η
1181 2944 1343 3027 συρίζοντος
1364 2942 1469 3029 ἔχεως,
1490 2944 1524 3007 ἐκ
1541 2948 1596 3027 τῆς

343 3048 476 3131 μυωπίας
499 3052 550 3129 τῆς
574 3052 641 3130 μιᾶς
663 3047 698 3109 τά
722 3048 833 3109 ἑαυτῶν
857 3046 949 3132 βρέφη
973 3046 1049 3129 ἄλλη
1073 3050 1122 3110 καὶ
1144 3045 1220 3129 ἄλλη
1246 3047 1448 3130 μετοικίζουσα

427 3150 520 3232 (360)
554 3147 728 3233 λίελλοὺσης
750 3151 782 3212 δὲ
805 3150 896 3218 οἰκίας
918 3150 1149 3234 καταφέρεσθαι,
1172 3150 1351 3232 αἰσθητικῶς
1373 3146 1490 3233 ἔχουσιν
1511 3148 1546 3211 οί
1563 3171 1594 3211 τε

341 3255 371 3318 ἐν
394 3253 469 3335 αὐτῇ
494 3252 563 3333 μύες
586 3254 634 3314 καὶ
651 3252 746 3335 μέντοι
769 3254 817 3315 καὶ
839 3256 935 3335 γαλαῖ,
959 3255 1005 3315 καὶ
1021 3253 1185 3336 φθάνουσαι
1207 3252 1258 3334 τἠν
1281 3252 1423 3321 κατένεξιν
1445 3250 1594 3323 ἐξοικίζον-

291 3466 303 3517 1
329 3466 355 3517 ἐν
377 3468 410 3534 τη]
432 3462 521 3535 Πάρῳ]
546 3464 603 3516 Αελ.
620 3470 674 3516 nat.
692 3466 772 3517 anim.
788 3465 810 3515 V
825 3464 855 3515 14
879 3462 1106 3531 (ρ,116,ῖθ-32
1127 3464 1238 3527 Horeb).
1271 3463 1303 3515 cf.
1323 3464 1403 3515 Arist.
1420 3464 1511 3515 mirab.
1527 3478 1600 3515 ευευ.
1614 3460 1649 3515 25

289 3569 315 3621 p.
329 3552 445 3605 8322‘2‘2.
477 3552 567 3620 Antig.
585 3552 646 3603 hist.
665 3552 755 3603 mirab.
772 3550 803 3602 21
827 3558 853 3603 et
871 3550 939 3602 infra
957 3549 1036 3617 §3⁶9
1196 3550 1212 3601 5
1236 3550 1304 3615 ἔθος]
1327 3550 1384 3603 ,λελ
1401 3554 1456 3602 nat.
1472 3550 1553 3601 anim.
1566 3548 1646 3601 v141

289 3642 326 3709 (p.
344 3640 462 3705 156,7-
474 3638 553 3704 1526
571 3640 675 3702 Herch.)
812 3638 844 3689 97
868 3635 1017 3706 μελλούσης]
1038 3637 1094 3689 Αελ.
1113 3637 1261 3691 1.c.xl19
1279 3640 1316 3705 (p.
1329 3634 1491 3701 281,3-·26
1510 3636 1614 3701 Horeb.)

291 3833 303 3884 1
327 3834 399 3903 πάριρ
417 3832 439 3883 Ι)
457 3830 527 3883 Λελτ
553 3825 641 3899 Γυάρῳ
659 3828 812 3881 lIolstonius
930 3828 946 3879 2
969 3829 1015 3897 τἠν
1034 3826 1152 3895 σιδηρῖτιν
1171 3826 1240 3879 λελτ
1265 3828 1308 3879 καῖ
1326 3827 1373 3895 τὴν
1392 3825 1509 3897 σιδηρῖτιν
1528 3842 1560 3878 εκ
1578 3824 1647 3894 σιδη-

290 3921 359 3990 ρίτην
377 3920 490 3971 correxit
510 3918 541 3969 1)1
671 3916 687 3968 3
710 3920 755 3985 γῆς
773 3915 927 3968 llolstenius
1057 3914 1083 3965 δέ
1102 3915 1165 3965 ἐστιν
1185 3914 1241 3965 λολ.
1370 3914 1387 3965 4
1410 3916 1506 3983 τρυφὴν
1524 3928 1574 3965 om.
1590 3912 1650 3965 Aul.

289 4008 305 4061 5
329 4006 386 4064 ἔθος
405 4006 475 4057 Aah
501 4002 574 4062 ’ἰίθυς
593 4006 670 4072 culpa
688 4004 856 4055 fabricatoris
875 4003 897 4053 l)
1023 3999 1070 4071 ὑση
1090 4002 1158 4053 Αελ.;
1182 4000 1225 4071 ἕση
1246 4004 1266 4053 1)
1391 4001 1407 4052 6
1430 4002 1456 4053 δί
1474 3998 1511 4052 ὑει
1529 3998 1599 4053 λελι
1622 3998 1649 4051 δί

289 4094 353 4147 δεύει
373 4096 393 4145 l>
530 4092 609 4144 θδιά
626 4096 705 4143 ταῦτα
724 4091 793 4142 Λελτ
817 4090 857 4141 διὰ
874 4090 959 4147 τάςί)
1095 4090 1184 4157 πάγαις
1202 4107 1230 4139 τε
1248 4088 1337 4145 αὑτυὺς
1356 4086 1480 4157 ἰλλοχῶσι
1497 4088 1589 4150 (ἱστᾶσι
1605 4088 1648 4139 (ἰσ-
1717 4144 1720 4149 ,

288 4184 350 4246 leto)
370 4182 481 4233 Ηετυίιει
598 4179 630 4231 11)
652 4178 762 4248 θριγκοῖς
781 4177 851 4229 Aah:
876 4178 989 4247 θρῖγγους
1008 4177 1029 4227 Ι)
1147 4174 1650 4246 ἀναστέλλουσι-άνείργουσι-κάσυσιν

290 4270 403 4321 Ηυτιλιυτ
475 4268 614 4337 ,τάφροις
630 4265 700 4318 Αυλ.ι
720 4268 828 4336 τάφρους
847 4266 866 4316 Ι)
982 4264 1008 4314 ll
1031 4264 1110 4331 πάγας
1131 4264 1198 4315 Ατλε
1218 4264 1306 4331 πάγαις
1324 4264 1359 4313 D:
1378 4264 1422 4320 τὰς
1440 4264 1520 4329 πάγας
1537 4260 1651 4313 Ηεττλιετ

292 4356 324 4408 12
346 4362 397 4413 τοῖς
416 4357 487 4418 (ante
505 4354 543 4421 δὲ)
562 4355 597 4406 D:
619 4356 732 4411 καὶτοῖς
751 4354 819 4404 Aah:
842 4353 923 4404 καίτοι
941 4352 1036 4403 Ιῖιῖελυ
1159 4350 1266 4417 θρίγγοις
1285 4351 1305 4401 Ι)
1439 4350 1470 4401 13
1492 4366 1519 4417 γι
1538 4349 1560 4401 D
1580 4346 1649 4401 Αυλτ

289 4462 317 4495 τε
336 4444 429 4495 Roiske
544 4442 587 4499 τὰς
607 4442 675 4493 λυλ.;
698 4442 756 4498 τοὺς
775 4441 796 4491 Ι)
915 4440 944 4490 1-1
968 4437 1027 4489 ὅταν
1047 4435 1089 4488 οὑν
1109 4437 1165 4488 λιλ.
1282 4437 1312 4489 18
1334 4437 1452 4507 νεώτεροι
1471 4438 1504 4488 D:
1528 4434 1651 4487 νεώτατοι

289 4534 358 4583 recto
377 4530 433 4583 Αεί.
546 4536 634 4600 πρῶτα
651 4530 672 4580 Ι)
692 4528 766 4581 codd.
784 4528 851 4579 λελι
876 4532 971 4595 πρῶτοι
989 4524 1049 4577 edd.
1065 4529 1125 4575 ante
1143 4525 1295 4576 Jacobsium
1410 4524 1446 4577 ‘20
1468 4524 1596 4575 ἀποστῶσι
1614 4522 1649 4575 D:

290 4617 418 4669 ὑποσπῶσι
436 4618 492 4669 Αυλ.
629 4616 661 4667 22
684 4616 727 4666 καὶ
745 4616 768 4666 ολ
786 4614 868 4666 λοιποὶ
886 4614 942 4665 Λυλ.
1080 4611 1113 4663 23
1138 4612 1217 4663 ἐκεῖσε
1235 4612 1271 4663 l,›:
1295 4610 1372 4664 ἐκεῖθι
1390 4612 1448 4663 Αυί.
1475 4610 1508 4662 τί.
1525 4608 1651 4663 Lobeckii

292 4704 455 4771 Phrynichus
473 4719 499 4771 p.
509 4703 543 4755 44
650 4703 683 4754 24
702 4704 795 4759 πάντας
814 4702 882 4754 ,λυλτ
902 4701 1030 4758 πάντεςΙ)
1134 4698 1167 4751 25
1186 4698 1313 4768 τριζοὺσης
1330 4700 1427 4752 Jacobs
1526 4696 1651 4766 συρίττον-

291 4812 333 4850 τυς
350 4792 406 4843 Αυλ.
501 4790 535 4841 ’26
554 4790 617 4859 άλλη
636 4792 680 4842 καί
698 4789 761 4859 άλλη
780 4790 814 4841 D:
833 4788 893 4840 ἄλλο
912 4787 975 4857 άλλη
993 4788 1050 4839 Αυλ.
1145 4786 1177 4837 '27
1198 4786 1222 4837 οῖ
1237 4806 1265 4838 τε
1283 4786 1352 4838 Aah:
1371 4783 1458 4838 εἰτεί)
1554 4782 1589 4835 θ8
1607 4782 1653 4835 καλ

292 4881 317 4931 αἰ
335 4878 409 4948 γαλαῖ
426 4878 537 4930 stercher
647 4878 767 4945 φθάνουσι
785 4878 831 4945 τίην
850 4876 995 4946 καταφορὰν
1014 4876 1057 4926 καὶ
1076 4873 1236 4935 ἐξοικίζονται
1254 4873 1311 4925 Aul.
