3524 5596
393 302 646 356 ARISTOPHANIS
664 254 847 368 HIS'i'ORlAE
868 301 1063 354 ANIMALIUM
1081 300 1229 354 EPITOME
1248 300 1260 352 Ι
1277 300 1389 354 55-57
1528 299 1568 362 15

267 477 315 539 καί
335 474 497 559 πνεύματός
518 474 604 555 ἐστιν,
627 474 688 545 υίος
710 475 834 560 όάφρδς
856 475 872 538 ό
895 473 944 537 ἐπὶ
965 477 1016 536 τοῦ
1040 473 1142 542 ύδατος
1159 471 1322 556 γινόμενος;
1353 471 1436 542 οὗτος
1457 472 1557 556 γδρῖό

263 578 367 661 γίνεται
394 577 558 662 παχύτερος
585 579 632 642 καὶ
659 578 827 663 λευκότερος
855 576 917 661 όσῳ
944 575 979 639 ἂν
1007 575 1142 646 ἐλάττους
1173 577 1222 639 καί
1249 577 1425 663 ἀδηλοτέρας
1452 577 1554 665 ἔχητε

264 681 315 750 τὰς
338 681 536 767 πομφόλυγας.
580 682 613 743 τὸ
636 677 663 744 δ’
684 680 755 744 αὐτὸ
777 679 924 764 γινόμενον
947 681 1049 764 όρᾶται
1071 680 1204 763 καὶπερὶ
1227 680 1260 743 τδ
1275 678 1370 744 ἔλαιον
1392 684 1425 747 τὸ
1448 684 1560 751 ἀνα-26

209 800 270 844 elev
282 783 460 867 κοπτόμενον
476 783 549 866 μετὰ
563 788 614 847 τοῦ
638 784 753 854 ὕδατος·
781 784 938 869 παχύνεται
961 782 1014 865 γὰρ
1037 781 1099 866 όίμα
1123 780 1126 866 ψ
1151 782 1200 845 καί
1221 784 1398 847 λευκαίνεται
1420 786 1450 849 ἐν
1472 793 1510 871 τῇ

234 893 311 951 ατοῦ
334 887 495 969 πνεύματος
517 888 706 972 παρεμβολῇ·
741 888 760 971 ἡ
783 887 837 970 γὰρ
864 886 996 967 άνακυπὴ
1019 886 1067 947 καὶ
1095 886 1115 968 ἡ
1139 886 1248 969 κίνησις
1276 890 1375 951 πλεῖον
1397 895 1511 974 πνεῦμα
1530 965 1532 968 ¹

263 992 359 1060 αύτοῐς
381 990 586 1073 ἐγκατακλείει.
631 990 733 1074 ἀμέλει
755 990 788 1053 δέ
809 989 857 1052 καί
880 988 951 1052 αύτδ
972 988 1005 1049 τδ
1028 984 1124 1050 ἔλαιον
1147 993 1260 1070 πνεῦμα
1282 987 1346 1074 ἔχει
1368 991 1398 1053 ἐν
1415 993 1539 1078 ἐαυτῷε

262 1100 406 1171 πλεῖστον,
429 1091 464 1156 δι’
485 1092 520 1157 ού
542 1094 591 1156 καὶ
606 1093 654 1156 ἐπὶ
669 1097 720 1155 τοῦ
736 1091 839 1160 ύδατυς
856 1091 1023 1162 ἐπιπολάζει
1041 1089 1305 1175 άνακυυφιζύμενον
1327 1093 1384 1158 ύπδ
1400 1097 1511 1161 τούτου.

263 1198 331 1262 όθεν
354 1196 385 1265 ἐξ
407 1196 511 1265 ύδατος
532 1197 582 1259 καί
604 1195 766 1279 πνεύματος
786 1193 864 1277 λέγοι
890 1193 924 1257 άν
946 1216 988 1262 τις
1009 1194 1041 1256 τὸ
1065 1192 1180 1278 σπέρμα
1202 1193 1274 1258 εἶναι
1296 1197 1444 1284 καθάπερ,
1472 1204 1513 1271 ὡς

262 1307 411 1386 προεῖπον,
433 1300 482 1362 καί
506 1300 521 1361 ό
545 1297 646 1383 ἀφρός.
725 1298 797 1381 (56)
823 1295 913 1365 αίτιυς
935 1297 968 1359 δὲ
994 1296 1099 1378 γίνεται
1126 1302 1178 1379 τῆς
1204 1297 1327 1382 ἀπηίίας
1351 1306 1403 1365 τοῦ
1429 1303 1512 1387 σπέρ

224 1422 252 1466 ιι)
265 1429 354 1489 ματος
374 1405 389 1466 ό
408 1403 580 1486 ἐνυπάρχων
649 1400 729 1487 αὐτῷ
747 1401 820 1485 ἀήρ·
849 1405 906 1469 πᾶς
927 1400 981 1483 γὰρ
1004 1399 1061 1482 ἀὴρ
1083 1398 1220 1483 ἅπηκτος.
1265 1399 1342 1466 ἔοικε
1364 1405 1406 1482 δέ,
1429 1408 1511 1490 φησί,

265 1510 296 1572 τδ
319 1505 474 1589 λεγόμενον
496 1502 545 1589 ὑφ’
566 1506 651 1589 ἡμων
677 1505 751 1588 μηδὲ
773 1503 839 1572 τοὺς
861 1503 1000 1586 ἀρχαίους
1021 1502 1185 1587 λεληθέναι,
1209 1507 1249 1574 ώς
1274 1506 1413 1591 ἀφρώδης
1435 1510 1511 1573 ἐστίν
1526 1528 1553 1569 ιο

264 1611 310 1695 (η)
327 1615 379 1674 τού
397 1609 560 1692 σπέρματος
575 1606 673 1692 φύσις·
700 1608 751 1690 τὴν
774 1607 828 1690 γὰρ
842 1605 1038 1678 δεσπόζουσαν
1060 1611 1113 1690 τῆς
1129 1607 1233 1690 μίξεως
1255 1605 1319 1690 [τοῦ
1335 1610 1511 1698 σπέρματος]

265 1715 333 1778 θεὸν
352 1711 526 1797 Ἀφροδίτην
549 1707 783 1795 προσηγόρευσαν
806 1709 859 1773 υύκ
874 1709 904 1778 ἐξ
926 1708 1025 1792 ἑτέρου
1048 1707 1107 1772 ἀλλ’
1128 1709 1285 1794 ἐέάφφυῦ.
1360 1713 1432 1797 (57)
1453 1717 1512 1779 ἐπι-

263 1816 409 1900 μέμφεται
432 1815 465 1878 δὲ
480 1814 528 1878 καὶ
539 1809 743 1896 Ἀριστοτέλης
758 1809 887 1895 Κτησίαν
902 1812 950 1874 τδν
966 1809 1081 1875 Κνίδιον
1096 1814 1145 1876 καί
1154 1811 1309 1897 Ἡρόδοτον
1323 1816 1372 1878 τὸν
1394 1818 1511 1902 ἱστοριο-

224 1937 252 1980 ιο
264 1921 385 2005 γράφον,
408 1917 456 1980 τὸν
476 1917 529 1999 μὲν
544 1913 675 2000 Κτησίαν
697 1915 816 1998 λέγοντα
839 1918 879 1984 ώς
894 1914 1058 2000 ψυχόμενον
1080 1915 1114 1978 τὸ
1136 1917 1194 1976 τών
1217 1915 1381 2000 ἐλεφάντων
1397 1920 1512 2004 σπέρμα
1525 1940 1552 1982 ιτ

263 2021 452 2107 σκληρύνεται
478 2020 654 2102 καὶγίνεται
676 2017 775 2101 ὅμοιον
797 2017 941 2102 ἠλέκτρῳ,
968 2019 1016 2080 τδν
1042 2017 1075 2080 δὲ
1091 2013 1244 2100 Ἡρόδοτον
1272 2019 1390 2103 λέγοντα
1413 2026 1511 2109 ψεύδε·

262 2128 331 2190 σθαι
359 2123 448 2206 μέλαν
476 2122 549 2186 εἶναι
576 2125 608 2187 τὸ
639 2126 696 2186 τών
723 2119 876 2185 Αἰθιόπων
902 2118 1026 2203 σπέρμα.
1071 2119 1191 2189 τούτους
1217 2122 1250 2184 δὲ
1271 2123 1511 2212 ,ἐπιμεμφόμενος

261 2237 298 2312 τῇ
323 2229 382 2312 ἰδία
404 2226 543 2290 ὑποθέσει
565 2226 758 2311 προστίθεται.
796 2223 821 2287 εί
843 2224 896 2308 γὰρ
919 2223 1061 2307 πήσσεται
1083 2224 1115 2285 τδ
1131 2227 1189 2286 τῶν
1204 2223 1369 2309 ἐλεφάντων
1385 2229 1509 2316 σπέρμα,

261 2332 357 2398 υύκέτι
386 2332 534 2416 ἀφρῶδες·
569 2328 661 2414 ὁγὰρ
687 2328 778 2413 ἀφρδς
804 2326 948 2411 άπηκτυς·
982 2326 1009 2388 εἰ
1033 2326 1066 2389 δὲ
1093 2327 1193 2410 μέλαν,
1221 2327 1318 2393 υύκέτι
1346 2331 1377 2400 ἐξ
1407 2333 1510 2405 ύδατος

203 2615 312 2669 κλείεται
330 2619 441 2684 πνεῦμα,
465 2615 508 2666 καί
526 2611 588 2665 αύτδ
610 2610 640 2664 τὸ
658 2609 740 2664 ἔλαιον
759 2609 811 2680 ἔχει
829 2612 926 2676 πνεῦμα
943 2607 1020 2662 πολύ·
1045 2608 1160 2679 ἔστιγὰρ
1179 2606 1235 2662 υύτε
1254 2613 1299 2680 γῆς
1317 2608 1374 2664 ούτε
1392 2611 1481 2674 ὕδατος
1499 2615 1563 2671 ἀλλὰ

202 2702 342 2771 πνεύματός
364 2701 393 2754 τό
416 2701 527 2769 λιπαρόν.
562 2699 599 2752 διὸ
621 2700 666 2751 καί
688 2699 728 2750 ἐπὶ
745 2701 784 2768 τῷ
801 2695 872 2750 ὕδατι
890 2695 1043 2758 ἐπιπολάζει·
1068 2695 1144 2766 δγάρ
1163 2698 1188 2749 ἐν
1206 2697 1276 2767 αύτηῑ
1294 2697 1331 2750 διν
1349 2700 1411 2771 ἀήρ,
1434 2701 1518 2774 ὥσπερ
1537 2707 1563 2759 ἐν

202 2791 301 2859 ἀγγείῳ,
320 2791 388 2859 φέρει
407 2789 460 2841 ἀνω
477 2789 521 2840 καὶ
538 2787 679 2849 ἐπιπολάζει
699 2788 743 2838 καί
760 2784 836 2844 αίτιος
854 2789 900 2855 τῆς
918 2785 1080 2855 κουφότητός
1091 2785 1155 2837 ίστιν
1260 2786 1277 2838 8
1295 2784 1363 2856 ὅθεν]
1382 2792 1462 2844 Arist.
1474 2808 1562 2861 gener.

201 2875 345 2930 enim.B2
366 2893 392 2944 p.
405 2875 514 2929 7351237
539 2875 590 2928 ἐστι
613 2875 657 2943 μὲν
680 2872 772 2926 οὖντὸ
793 2873 890 2944 σπέρμα
911 2871 994 2924 κοινδν
1015 2871 1153 2940 πνεύματος
1174 2874 1217 2926 καὶ
1241 2871 1342 2937 ὕδατος,
1364 2876 1394 2928 τδ
1417 2877 1443 2930 δὲ
1465 2884 1562 2950 πνεῦμά

201 2965 254 3017 ἐστι
272 2962 364 3033 θερμὸς
382 2964 443 3034 ἀήρ·
467 2963 504 3015 διδ
522 2962 596 3033 ύγρδν
614 2963 660 3032 την
677 2961 758 3031 φύσιν,
777 2959 814 3014 ότι
832 2960 858 3022 ἐξ
877 2959 965 3020 ὕδατος
1077 2960 1092 3012 9
1117 2959 1204 3030 αἴτιος]
1224 2962 1305 3015 Arist.
1318 2979 1404 3031 gener.
1417 2967 1496 3019 anim.
1509 2966 1561 3022 Bt

202 3069 228 3120 p.
242 3051 349 3104 7361222
373 3051 477 3120 φανερὸν
499 3051 526 3103 δέ
548 3049 585 3102 ότι
607 3051 647 3103 διὰ
669 3049 738 3102 τοῦτ’
755 3048 812 3101 ούδέ
834 3049 968 3118 πήγνυται·
994 3047 1008 3101 ό
1029 3049 1075 3119 γάρ
1098 3049 1146 3119 ἀὴρ
1169 3050 1282 3118 άπηκτος
1426 3053 1458 3105 10
1483 3055 1560 3126 ἔοικε]

202 3141 282 3191 Arist.
297 3136 543 3204 gener.ani1n.B2
564 3155 590 3206 p.
604 3138 711 3191 736218
738 3137 804 3189 ἔοικε
827 3135 853 3188 δέ
878 3136 934 3189 οὐδὲ
957 3137 1015 3194 τοὺς
1039 3137 1157 3207 ἀρχαίους
1181 3135 1308 3190 λανθάνειν
1332 3140 1452 3211 ἀφρώδης
1475 3143 1491 3212 ἡ
1516 3149 1561 3196 τοῦ

202 3229 342 3297 σπέρματος
365 3225 426 3278 οὖσα
447 3225 531 3295 φύσις·
554 3225 600 3295 τὴν
621 3230 680 3294 γοῦν
701 3226 788 3294 κυρίαν
805 3223 868 3287 ,θεὸν
888 3229 934 3294 τῆς
955 3223 1045 3292 μίξεως
1065 3224 1114 3277 ἀπὸ
1134 3229 1180 3294 τῆς
1203 3224 1334 3305 δυνάμεως
1353 3227 1446 3298 ταύτης
1469 3246 1561 3302 προση-

201 3315 319 3384 γόρευσαν
426 3313 513 3366 13.14
535 3311 711 3382 ἐπιμέμφεται]
731 3313 811 3365 Arist.
822 3329 909 3382 gener.
921 3313 1002 3365 enim.
1014 3309 1064 3363 Be
1084 3328 1109 3379 p.
1121 3311 1211 3363 736122
1234 3309 1346 3385 Κτησίας
1364 3316 1410 3385 γὰρ
1429 3316 1442 3369 ό
1463 3314 1562 3378 Κνίδιος

201 3402 218 3454 ἀ
243 3403 298 3471 περί
322 3405 367 3453 τοῦ
394 3403 534 3471 σπέρματος
557 3407 610 3454 τῶν
634 3400 776 3470 ἐλεφάντων
800 3398 897 3470 εἴρηκε,
922 3400 1025 3470 φανερός
1050 3401 1115 3452 ἐστιν
1140 3398 1297 3469 ἐψευσμένος.
1338 3406 1399 3473 φησὶ
1423 3406 1469 3475 γάρ
1493 3404 1561 3459 οὕτω

201 3486 383 3559 σκληρύνισθαι
405 3487 581 3559 Εηραινόμενυν
604 3487 669 3541 ώστε
692 3486 800 3556 γίνεσθαι
822 3487 937 3557 ἠλέκτρῳ
959 3487 1043 3556 ὅμοιον
1187 3488 1218 3541 14
1242 3487 1385 3560 Ἡρόδοτον]
1407 3492 1487 3546 Arist.
1500 3495 1561 3546 hist.

201 3579 281 3630 anim.
295 3573 315 3629 Γ
328 3576 361 3627 22
383 3591 409 3643 p.
423 3575 530 3628 723217
557 3575 609 3628 ἀλλ’
627 3573 758 3646 Ἡρόδοτος
781 3573 921 3644 διέψευσται
945 3575 1041 3644 γράψας
1064 3577 1121 3634 τούς
1146 3573 1267 3636 Αἰθίοπας
1292 3578 1420 3649 προίεσθαι
1444 3580 1561 3649 μέλαιναν

200 3665 248 3734 τὴν
266 3663 489 3735 γυνψν...ψευδές
507 3664 528 3716 δ’
542 3664 593 3718 ἐστί
611 3665 654 3717 καί
672 3664 685 3717 ὃ
701 3659 814 3733 Κτησίας
832 3663 937 3731 γέγραφε
955 3664 1010 3731 περὶ
1026 3666 1072 3732 τῆς
1089 3668 1164 3734 γονῆς
1182 3672 1234 3718 τῶν
1252 3666 1400 3737 ἐλεφάντων.
1428 3668 1461 3719 σί,
1474 3684 1560 3735 gener.

198 3756 280 3806 enim.
294 3749 345 3804 132
368 3768 394 3819 p.
407 3750 516 3804 736210
690 3750 721 3802 18
748 3749 770 3801 εί
791 3750 837 3818 γὰρ
860 3748 991 3818 πψσσεται]
1015 3750 1047 3802 τί.
1066 3752 1145 3804 Arist.
1162 3769 1247 3821 gener.
1264 3755 1344 3806 enim.
1358 3751 1408 3806 132
1430 3771 1456 3822 p.
1470 3754 1560 3808 73628

201 3841 269 3909 παχὺ
288 3839 314 3891 δὲ
333 3839 376 3889 καί
393 3837 483 3891 λευκὸν
502 3838 540 3903 (τό
554 3840 661 3909 σπέρμα)
679 3838 719 3890 διά
736 3836 764 3890 τό
783 3835 904 3907 μεμῖχθαι
921 3843 1018 3905 πνεῦμα
1031 3873 1037 3886 .
1051 3873 1078 3886 ..
1094 3838 1126 3891 13
1144 3839 1221 3893 αἴτιον
1239 3841 1264 3893 δέ
1282 3846 1328 3910 τῆς
1347 3840 1496 3912 λευκότητος
1514 3848 1559 3896 τοῦ

202 3930 342 3997 σπέρματος
360 3923 398 3977 ότι
416 3927 481 3978 ἐστίν
498 3927 515 3997 ἡ
534 3927 593 3996 γυνὴ
613 3925 699 3996 ἀφρός,
718 3924 731 3977 ό
750 3923 768 3976 δ’
781 3925 859 3994 ἀφρὸς
877 3923 974 3989 λευκόν,
993 3926 1036 3977 καὶ
1054 3924 1161 3992 μάλιστα
1179 3928 1208 3980 τὸ
1221 3929 1247 3988 ἐξ
1260 3928 1390 3997 ὀλιγίστων
1402 3932 1560 3998 συγκείμενον

95 4048 97 4052 -
138 4061 144 4074 .
201 4016 295 4083 μορίων
313 4015 357 4066 καὶ
375 4011 443 4065 υύτω
462 4021 560 4083 μικρῶν
579 4012 662 4080 ὥσπερ
682 4013 788 4081 ἑκάστης
806 4012 912 4082 ἀοράτου
930 4017 976 4081 τῆς
994 4012 1152 4082 πομφόλυγος
1174 4012 1261 4085 ούσης,
1285 4014 1344 4087 ὅπερ
1367 4018 1493 4087 συμβαίνει
1516 4020 1560 4071 221

201 4102 241 4154 ἐπί
258 4106 303 4154 τοῦ
321 4099 410 4160 ύδατυς
429 4102 534 4154 καὶτοῦ
553 4101 635 4155 ἐλαίου
654 4100 808 4169 μιγνυμένων
826 4100 869 4151 καὶ
886 4098 1049 4169 τριβομένων,
1067 4099 1181 4170 καθάπερ
1199 4101 1292 4174 ἐλέχθη
1312 4104 1431 4175 πρότερον

203 4360 215 4410 l
241 4359 290 4417 οἶος
309 4376 342 4412 ex
361 4359 412 4411 οἷον
430 4361 542 4413 correxit
560 4360 591 4412 1²¹
611 4359 731 4424 (Sehfine)
863 4358 878 4409 θ
903 4357 1053 4429 ἀδηλοτέρας
1072 4361 1153 4413 Rose:
1179 4360 1381 4431 ἀδηλοτίρουςΡ
1510 4364 1558 4436 ἔχη

201 4446 315 4514 Sauppe:
342 4446 432 4516 έχειΡ
567 4447 585 4499 4
609 4446 762 4499 λευκαίνεται
779 4446 886 4513 scripsi:
912 4445 1092 4500 λεπιύνεταιΡ
1229 4448 1245 4501 8
1269 4448 1336 4519 λέγοι
1353 4451 1434 4504 Rose:
1459 4450 1558 4523 λέγηΡ

201 4534 253 4587 8.9
272 4534 308 4593 ώς
326 4533 454 4607 προεῖπον]
474 4551 553 4603 supra
570 4551 596 4602 p.
612 4533 690 4600 14,19
790 4532 805 4585 9
825 4532 838 4585 ό
857 4537 921 4598 (non
938 4534 966 4603 ἡ)
985 4535 1063 4604 ἀφρός
1081 4537 1159 4589 habet
1178 4537 1197 4588 P
1299 4537 1330 4590 10
1348 4538 1461 4608 ἅπηκτος
1478 4541 1560 4592 Rose:

199 4624 308 4694 ἀτηκτυς
327 4624 346 4676 Ρ
492 4624 521 4675 11
547 4622 666 4693 ἀφρώδης
684 4623 748 4674 ἐστίν
766 4621 783 4690 ἡ
802 4620 905 4690 Sauppe
926 4638 958 4674 ex
977 4623 1130 4676 Aristotele:
1155 4624 1171 4694 ἡ
1191 4623 1309 4693 ἀφροδίτη
1329 4626 1380 4678 ἐστὶ
1397 4627 1417 4677 Ρ

203 4712 232 4762 12
256 4717 301 4764 τοῦ
320 4712 460 4781 σπέρματος
479 4715 549 4780 (post
567 4710 667 4777 μίξεως)
686 4710 822 4762 delendum
842 4714 906 4777 puto
1032 4709 1063 4762 16
1088 4709 1248 4780 σκληρύνεται
1267 4713 1348 4765 Rose:
1373 4713 1520 4785 σκηρύνεται
1538 4717 1558 4768 Ρ

203 4799 232 4849 18
255 4799 363 4867 πησιται
379 4800 399 4850 Ρ
500 4796 530 4848 19
555 4797 797 4867 ἀφρῶδες-ούκέτι
815 4799 903 4850 omisit
921 4798 998 4864 culpa
1017 4799 1167 4865 typothetae
1187 4800 1267 4852 editio
1286 4802 1415 4869 princeps.
1443 4803 1475 4855 ef.
1492 4805 1559 4856 Rese

200 4887 228 4937 in
247 4887 355 4938 ιιαιιιι
373 4886 424 4937 ιιι.
436 4886 482 4938 νιι
495 4885 546 4937 ιον
662 4884 740 4952 petav
757 4887 793 4937 sic
813 4887 832 4938 P
855 4873 858 4879 '
