3524 5596
392 306 642 362 ARISTOPHANIS
660 308 844 363 HISTORIAE
863 309 1057 363 ANIMALIUM
1076 309 1224 362 EPITOME
1242 310 1254 363 I
1272 310 1384 364 81—84
1521 310 1562 376 25

264 480 323 565 [καὶ
347 481 557 567 ὑποπέλιόνος],
581 483 656 546 ὥστε
680 486 762 566 μόλις
784 485 840 547 ὑπό
863 485 981 569 σιδήρου
1004 483 1168 566 τέμνεσθαι,
1191 485 1224 546 τό
1245 485 1276 547 δὲ
1299 482 1420 566 μέγεθος
1442 480 1506 568 ἔχει
1518 490 1551 547 33

183 662 190 673 .
264 584 318 647 άνὺ
338 584 422 667 λόγον
445 589 495 648 τοῦ
518 585 624 671 χρόνου
646 589 690 671 τῷ
713 588 814 671 τελείῳ
837 586 935 671 βρέφει
958 586 1029 650 ἴσον.
1098 585 1169 669 (82)
1190 587 1402 672 ἐσχημάτισται
1424 586 1455 649 δὲ
1478 585 1507 648 ἐν
1616 606 1619 613 ·

263 689 301 770 τῇ
324 689 419 772 μήτρφ
440 687 476 750 τὰ
500 689 550 773 μὲν
573 690 733 773 τετράποδα,
754 692 812 751 τῶν
837 685 922 774 ζῴων
949 689 1136 773 ἐκτεταμένα,
1164 690 1199 753 τὰ
1227 688 1251 753 δ’
1273 689 1368 754 ἄποδα
1394 690 1509 772 πλάγια.
1524 705 1551 748 ιυ

1258 795 1286 813 lv

263 789 298 852 τὰ
319 790 352 852 δὲ
374 790 468 873 πτηνὰ
490 792 711 874 συγκεκομμένα
734 791 819 865 ἐστίν,
843 792 908 854 ὑδὲ
931 791 1085 875 ἅνθρωπος
1106 793 1158 876 τὴν
1181 794 1233 876 μὲν
1256 816 1318 878 ρινα
1341 791 1429 875 μέσον
1451 796 1508 854 τῶν

235 895 389 978 σγονοίτων
412 891 503 979 ἔχων,
525 895 593 963 τοὺς
615 895 647 957 δὲ
670 894 841 978 ὀφθαλμοὺς
864 895 910 956 ἐπὶ
934 897 992 963 τοῖς
1013 896 1126 976 γόνασι,
1150 894 1184 958 τὰ
1207 896 1239 959 δὲ
1261 898 1322 959 ὦτα
1345 894 1436 964 ἐκτός.

261 996 333 1079 (83)
358 997 514 1060 ἐκτίκτεται
540 996 572 1059 δὲ
598 996 635 1059 τὰ
662 995 754 1080 βρέφη
782 996 1003 1080 ἀπολουμένων,
1030 999 1077 1060 διὰ
1102 999 1134 1060 τό
1158 1000 1245 1083 βάρος
1266 1004 1323 1060 τῶν
1346 1018 1508 1081 προσπεφυ-

261 1089 353 1163 Ινότων
380 1099 522 1183 (ὑμένων,
548 1099 620 1182 τῶν>
645 1100 761 1184 φλεβῶν
788 1098 821 1161 ἐκ
847 1105 900 1182 τῆς
927 1102 1037 1184 μήτρας
1062 1101 1102 1170 εἰς
1129 1103 1161 1164 τδ
1188 1102 1300 1183 ἀγγεῖον
1328 1102 1375 1163 καὶ
1398 1098 1440 1163 ἔτι
1462 1099 1509 1162 διὰ

261 1203 294 1265 τδ
325 1205 365 1287 μὴ
396 1203 536 1266 δύνασθαι
565 1202 617 1285 τὴν
647 1199 775 1291 ἔχουσαν
805 1201 917 1286 τρέφειν
947 1202 1017 1265 αότό
1048 1203 1094 1266 διὰ
1123 1205 1156 1266 τό
1185 1203 1406 1287 παρηυέήσθαι,
1440 1201 1508 1266 ὅθεν
1523 1216 1549 1260 ισ

262 1308 397 1379 σπανίζον
420 1311 527 1390 τροφῆς
551 1305 666 1389 ἀπαίρει
693 1305 739 1367 καλ
762 1306 814 1388 τὴν
841 1307 970 1390 κεφαλήν
998 1307 1078 1368 κάτω
1106 1305 1192 1391 ἴσχει.
1237 1311 1320 1369 τοῦτο
1347 1306 1380 1369 δὲ
1405 1306 1508 1388 γίνεται

221 1408 357 1478 ιυαότυῖς
392 1409 524 1478 εἰκότως·
562 1408 694 1490 καθάπερ
727 1407 780 1490 γὰρ
814 1409 847 1470 ἐκ
881 1407 958 1492 [τοῦ]
992 1412 1077 1491 ζυγοῦ
1111 1413 1162 1472 τοῦ
1195 1410 1328 1494 ὀμφαλοῦ
1361 1409 1508 1494 ἠρτημένα

207 1529 264 1575 cnr
278 1513 385 1597 ὀφείλει
414 1513 508 1597 ῥέπειν
536 1511 610 1575 κατὰ
635 1512 687 1594 τὴν
716 1507 719 1594 ψ
747 1511 857 1594 κίνησιν
884 1511 931 1573 ἐπὶ
958 1511 993 1574 τόι
1017 1512 1159 1597 βαρῦτερα
1184 1512 1231 1574 καί
1253 1511 1451 1596 ὀγκωδέστερα
1473 1511 1508 1574 τόι

260 1617 325 1700 περὶ
351 1618 402 1699 τὴν
430 1614 558 1700 κεφαλήν
584 1614 632 1677 καὶ
659 1613 695 1676 τό
717 1613 812 1698 στήθη
837 1612 925 1698 μέρη·
959 1613 1028 1678 ὅθεν
1051 1615 1100 1678 καλ
1122 1615 1138 1677 ὑ
1160 1613 1249 1698 πόρος
1270 1615 1330 1677 ἐστὶ
1352 1619 1412 1683 τοῖς
1434 1616 1507 1679 κατὰ
1520 1612 1577 1672 2⁰⁰

259 1719 344 1803 φύσιν
367 1717 542 1800 τικτομένοις
563 1717 611 1779 ἐπὶ
632 1720 731 1779 ταῦτα.

341 1821 413 1904 (84)
440 1816 566 1903 Ἀρσενα
595 1819 627 1881 δέ
656 1840 742 1903 φησιν
772 1820 791 1903 ή
822 1821 916 1904 θήλεα
946 1821 1074 1903 γίνεσθαι
1103 1821 1182 1906 παρὰ
1211 1821 1244 1883 τό
1274 1821 1421 1906 πεπέφθαι
1451 1821 1507 1884 ὑπό

219 1942 245 1985 15
258 1927 369 2010 θερμοῦ
395 1924 415 2006 ἢ
440 1923 567 1987 ἄπεπτον
594 1921 667 1984 εἶναι
695 1923 727 1984 τό
755 1926 805 1984 τοῦ
832 1925 936 2008 ἀνδρὸς
965 1923 1090 2008 σπέρμα.
1134 1924 1293 1989 ἀκολουθεῖ
1312 1924 1364 2008 γάρ
1387 1930 1429 2009 τῷ
1454 1926 1506 2008 μὲν

258 2026 657 2111 πεπεμμένφπεριττώματι
688 2025 795 2109 θερμόν
824 2025 911 2103 εἶναι,
937 2032 980 2110 τῷ
1009 2027 1040 2090 δὲ
1059 2023 1189 2112 ’ἀπέπτιμ
1217 2028 1330 2113 ψυχρὸν
1357 2027 1505 2112 ὑπάρχειν.

259 2133 304 2194 διδ
330 2131 365 2212 δὴ
390 2129 426 2193 τὰ
449 2128 499 2212 μὲν
522 2127 627 2211 ἄρρενα
651 2128 705 2191 ὑπό
729 2133 779 2192 τοῦ
802 2129 912 2212 θερμοῦ
935 2131 982 2192 καὶ
1004 2130 1189 2213 πεπεμμένου
1213 2130 1389 2214 σπέρματος,
1417 2132 1452 2194 τὰ
1474 2132 1547 2195 ὀδεσ

259 2236 353 2317 θήλεα
376 2234 431 2296 ὑπὸ
451 2237 501 2296 τοῦ
524 2231 655 2295 ἀπέπτου
679 2232 726 2295 καὶ
749 2236 874 2317 ψυχροῦ.
913 2233 956 2295 ότι
978 2233 1010 2295 δὲ
1032 2231 1114 2296 ταῦθ’
1136 2233 1228 2302 οὑτως
1248 2230 1322 2319 ἔχει,
1345 2235 1507 2318 σημεῖατὰ

203 2441 221 2494 2
241 2438 432 2510 ἐσχημάτισται]
451 2440 532 2492 Arist.
542 2440 603 2492 hist.
613 2441 692 2492 anim.
703 2436 752 2492 H8
767 2455 793 2507 p.
803 2436 911 2491 586234
930 2442 1016 2508 σχῆμα
1034 2437 1053 2490 δ’
1066 2437 1118 2508 έχει
1135 2440 1160 2491 έν
1174 2443 1207 2510 πή
1219 2438 1309 2510 ὑστέρη
1321 2441 1352 2492 τά
1364 2441 1409 2508 μέν
1421 2440 1559 2510 τετράποδα

202 2531 285 2582 πάντα
303 2527 468 2593 έκτεταμένα,
489 2528 581 2579 καὶτὰ
600 2526 680 2579 ἄποδα
698 2525 801 2595 πλάγια,
825 2526 875 2578 οῖον
895 2523 979 2595 ίχθὺς,
1000 2525 1032 2577 τὰ
1050 2525 1075 2577 δέ
1093 2525 1180 2578 δίποδα
1200 2527 1404 2596 συγκεκομμένα,
1426 2528 1477 2580 οἷον
1495 2528 1559 2600 ὄρνις

203 2617 248 2669 καλ
266 2614 398 2686 ἅνθρωπος
416 2616 631 2683 συγκεκομμένος·
658 2615 710 2686 ῥῖνα
729 2614 773 2682 μὲν
792 2612 883 2683 μεταξὺ
904 2619 956 2666 τῶν
974 2615 1097 2682 γονάτων,
1120 2612 1265 2683 ὀφθαλμοὺς
1286 2614 1305 2666 δ’
1320 2615 1360 2668 έπλ
1382 2623 1433 2675 τοῖς
1453 2617 1559 2686 γόνασιν,

204 2704 259 2757 ιῖιτα
278 2703 297 2756 δ’
313 2703 384 2761 ἐκτός
487 2699 502 2752 6
521 2701 672 2770 έκτίκτεται]
691 2703 771 2754 Arist.
785 2717 872 2770 gener.
885 2702 964 2753 anim.
976 2697 1026 2753 Δθ
1043 2718 1069 2769 p.
1082 2701 1190 2754 777222
1209 2701 1267 2755 όταν
1285 2704 1331 2772 γάρ
1349 2703 1388 2755 διά
1406 2704 1435 2757 τὸ
1455 2702 1559 2774 μέγεθος

202 2794 296 2862 μηκέτι
314 2791 387 2861 ἱκανή
406 2786 423 2860 ή
441 2793 479 2859 τῷ
497 2790 628 2858 κυουμένῳ
647 2790 663 2859 ή
682 2789 721 2841 διὰ
739 2793 783 2841 τοῦ
803 2788 918 2858 ὀμφαλοῦ
936 2789 1025 2858 τροφή,
1044 2789 1106 2842 ἀλλὰ
1124 2790 1154 2844 τὸ
1171 2790 1234 2859 γάλα
1252 2782 1342 2860 γίνεται
1358 2792 1480 2862 χρήσιμον
1498 2793 1559 2863 πρὸς

201 2881 249 2950 τὴν
267 2881 396 2949 γινομένην
414 2877 508 2949 τροφὴν
527 2879 570 2929 καὶ
584 2877 630 2929 οὑκ
650 2876 771 2947 ιίσιοὺσης
789 2876 829 2929 διὰ
840 2880 885 2929 τοῦ
904 2875 1018 2946 ὀμφαλοῦ
1036 2882 1139 2947 τροφῆς,
1158 2879 1335 2946 συμπίπτουσιν
1353 2879 1378 2931 αλ
1396 2879 1485 2963 φλέβες
1503 2882 1559 2950 περὶ

203 2969 233 3027 ἃς
256 2967 269 3019 ὀ
291 2966 443 3034 καλοὺμενος
468 2963 580 3032 ὀμφαλός
603 2966 654 3017 έστι
677 2964 769 3033 γιτιὺν,
794 2964 837 3016 καλ
860 2963 900 3016 διό
921 2967 1000 3016 ταῦτα
1023 2965 1065 3016 καὶ
1088 2965 1143 3017 τότε
1166 2966 1291 3035 συμβαίνει
1314 2965 1404 3036 θὺραζε
1427 2968 1443 3037 ή
1467 2967 1557 3028 ἔξοδος.

202 3055 236 3108 cf.
253 3056 315 3108 hist.
329 3056 408 3107 anim.
421 3050 473 3105 H8
493 3069 518 3120 p.
531 3051 642 3104 586b23
666 3050 840 3118 αὐξανομένων
861 3053 922 3114 (τῶν
944 3049 1052 3119 ὑμένων)
1073 3051 1092 3104 δ’
1111 3054 1148 3105 ἀεὶ
1169 3052 1263 3121 μᾶλλον
1284 3055 1462 3122 συμπίπτουσιν
1485 3054 1558 3108 αὑται

202 3141 228 3193 αἱ
248 3138 337 3209 φλέβες
478 3139 494 3191 θ
517 3140 561 3210 κρλ
581 3139 627 3209 τήν
649 3137 772 3208 κεφαλήν]
792 3137 872 3190 Arist.
886 3153 972 3206 gener.
985 3139 1064 3190 anim.
1077 3135 1125 3191 Δ9
1147 3156 1172 3207 ρ.
1187 3139 1294 3192 777128
1319 3142 1358 3194 ἐπὶ
1376 3142 1488 3213 κεφαλήν
1506 3141 1556 3214 ῦή

201 3229 292 3298 γένεσίς
311 3228 362 3279 ἐστι
379 3233 430 3286 τοῖς
448 3227 520 3296 ζῴοις
538 3232 609 3279 πᾶσιν
630 3226 646 3295 ή
668 3227 734 3278 κατὰ
758 3224 829 3303 φὺσιν
852 3224 891 3277 διὰ
912 3225 942 3278 τό
965 3227 1000 3288 τά
1018 3226 1071 3278 ἅνω
1094 3231 1138 3279 τοῦ
1161 3226 1276 3296 ὀμφαλοῦ
1298 3229 1375 3295 μείζω
1398 3230 1463 3300 ἔχειν
1486 3229 1501 3300 ή
1526 3233 1557 3284 τά

202 3316 282 3367 ιιάτω.
313 3313 425 3382 καθάπερ
445 3312 487 3365 οὑν
506 3313 531 3364 έν
550 3314 628 3381 ζυγοῖς
646 3315 775 3384 ήρτημένα
795 3312 820 3373 ἐξ
839 3312 915 3365 αὑτοῦ
935 3313 1001 3386 βέπει
1020 3314 1060 3366 ἐπὶ
1076 3313 1105 3366 τὸ
1125 3314 1198 3383 βάρος
1307 3316 1337 3367 14
1357 3317 1457 3387 ἄρσενα]
1477 3320 1556 3372 Arist.

202 3418 289 3472 gener.
302 3403 381 3453 anim.
394 3397 414 3452 Δ
429 3402 440 3452 l
463 3418 489 3469 p.
503 3399 609 3453 766216
633 3400 729 3453 τοὺτων
753 3399 772 3452 δΙ
789 3400 959 3468 ὑποκειμένων
978 3400 1037 3459 ίσως
1057 3400 1086 3453 ἂν
1104 3402 1152 3473 ήδη
1171 3401 1265 3470 μᾶλλον
1283 3403 1319 3473 ιίη
1339 3406 1456 3473 φανερόν,
1478 3406 1510 3458 δι’
1526 3407 1557 3476 ήν

201 3491 282 3542 αἰτίαν
299 3490 390 3557 γίνεται
407 3488 435 3540 τό
454 3489 499 3556 μέν
517 3486 582 3557 θήλυ
599 3488 628 3540 τὸ
646 3487 665 3540 δ’
681 3489 761 3560 ἄρρεν.
795 3487 853 3540 όταν
874 3489 920 3558 γάρ
943 3489 979 3559 μή
1002 3494 1084 3559 κρατή
1105 3490 1121 3560 ή
1140 3490 1206 3561 ἀρχή
1227 3489 1289 3559 μηδὲ
1308 3489 1409 3560 δὺνηται
1426 3493 1503 3562 πέψαι
1521 3493 1554 3547 δι’

202 3576 293 3628 ἔνδειαν
310 3573 464 3646 θερμότητος
482 3575 539 3646 μηδ’
555 3577 633 3646 ἀγάγη
653 3577 686 3635 είς
704 3576 733 3629 τό
751 3574 811 3629 [διον
834 3576 897 3635 εἶδος
919 3576 948 3628 τὸ
967 3576 1057 3641 αὑτοῦ,
1081 3576 1144 3629 ἀλλὰ
1166 3577 1244 3648 ταὺτη
1267 3577 1381 3650 ήττηθή,
1405 3581 1500 3651 ἀνάγκη
1524 3582 1557 3640 είς

200 3664 342 3716 τοόναντίον
364 3662 533 3732 μεταβάλλειν.
569 3664 676 3715 ἐναντίον
699 3662 724 3715 δὲ
747 3667 785 3733 τῷ
808 3664 890 3733 ἄρρενι
911 3663 939 3716 τὸ
961 3660 1040 3733 θήλυ,
1063 3666 1106 3717 καὶ
1127 3663 1205 3735 ταὺτη
1224 3663 1241 3737 η’
1259 3665 1288 3718 τὸ
1308 3667 1351 3734 μέν
1370 3667 1456 3737 ἄρρεν,
1479 3669 1508 3721 τό
1530 3669 1556 3722 δὲ

200 3749 268 3821 θῆλυ
410 3749 441 3802 15
465 3747 609 3819 ἀκολουθεῖ]
632 3751 713 3803 Arist.
727 3766 813 3819 gener.
826 3746 965 3802 anim.Al
988 3768 1014 3819 p.
1028 3751 1136 3804 766b12
1160 3752 1268 3824 διαφέρει
1290 3752 1315 3806 δὲ
1339 3752 1367 3805 τό
1390 3760 1435 3806 τοῦ
1458 3756 1557 3825 ἄρρενος

201 3840 311 3908 σπέρμα,
336 3836 373 3889 ότι
396 3838 449 3907 έχει
471 3837 551 3907 ἀρχὴν
575 3838 601 3890 έν
624 3837 706 3907 ἑαυτῷ
728 3836 845 3907 τοιαὺτην
868 3837 921 3889 υίαν
945 3847 1020 3891 κινεῖν
1042 3841 1085 3891 καὶ
1109 3840 1134 3891 έν
1157 3844 1193 3910 τῷ
1216 3842 1274 3913 ζῴῳ
1296 3842 1339 3894 καὶ
1358 3840 1492 3894 διαπέττειν
1509 3844 1556 3914 τήν

202 3925 309 3996 έσχάτην
326 3925 433 3995 τροφήν,
451 3924 479 3976 τὸ
498 3923 523 3977 δὲ
542 3929 587 3977 τοῦ
605 3923 695 3995 θήλεος
714 3922 776 3994 ὑλην
794 3924 875 3993 μόνον.
906 3931 1033 3995 κρατῆσαν
1052 3928 1096 3994 μὲν
1115 3926 1157 3980 οὑν
1176 3929 1209 3986 είς
1227 3928 1288 3981 αὑτό
1307 3929 1373 3998 ἄγει,
1390 3928 1515 4000 κρατηθέν
1533 3930 1560 3984 δ’·

201 4012 234 4070 είς
252 4012 392 4064 τοὺναντέον
410 4011 558 4081 μεταβάλλει
576 4012 592 4081 ή
612 4013 645 4071 είς
663 4010 766 4082 φθοράν.
798 4012 905 4064 έναντίον
924 4012 949 4065 δὲ
968 4017 1004 4083 τῷ
1024 4014 1105 4085 ἄρρενι
1124 4016 1153 4068 τό
1174 4013 1247 4086 θήλυ.
1279 4013 1344 4086 θῆλυ
1365 4016 1391 4069 δέ
1409 4022 1442 4088 τή
1463 4020 1556 4090 ἀπεψίᾳ

201 4100 245 4151 ²²1
262 4103 293 4170 τό
312 4099 452 4169 ψνκνότιτι
469 4103 515 4174 τῆς
535 4099 668 4169 αἱμασιῆς
689 4104 783 4169 τροφῆς
926 4101 957 4153 18
983 4099 1031 4170 στι]
1052 4101 1385 4172 Arist.gsner.anim.ss
1407 4122 1432 4173 ρ.
1446 4106 1555 4160 νεωεε
1654 4111 1658 4122 ·

199 4187 322 4255 τεκμήρια
335 4185 361 4238 δέ
373 4187 404 4238 τά
417 4186 582 4256 συμβαίνοντα
599 4192 650 4244 τοῖς
668 4186 811 4257 εἰρημένοις.
842 4189 873 4239 τά
892 4206 918 4240 τε
936 4190 981 4258 γάρ
999 4191 1042 4242 νέα
1060 4187 1190 4261 θηλυτόκα
1206 4190 1300 4259 μᾶλλον
1317 4198 1369 4246 τῶν
1381 4194 1555 4263 ἀκμαζόντων,

200 4274 244 4326 καὶ
262 4275 417 4343 γηράσκοντα
436 4272 542 4344 μᾶλλον·
566 4279 617 4332 τοῖς
636 4275 744 4345 μὲνγὰρ
764 4271 835 4328 οὑπω
853 4274 945 4337 τέλειον
963 4277 993 4330 τδ
1011 4274 1111 4346 θερμόν,
1128 4285 1179 4337 τοῖς
1198 4276 1217 4331 δ’
1233 4279 1359 4332 ἀπολείπει

203 4453 215 4503 1
234 4453 278 4504 καὶ
291 4450 449 4513 ὑποπίλιδνος
462 4456 542 4509 Rcss:
560 4457 603 4509 καὶ
616 4455 783 4521 ὑποπέλιδνος
795 4459 824 4511 Ρ.
851 4459 1015 4511 scn'bendum
1028 4461 1072 4512 καὶ
1084 4458 1132 4511 ὑπὸ
1146 4458 1260 4526 πέλυκος,
1278 4461 1407 4530 glossema
1419 4464 1554 4517 verborum

200 4538 249 4592 ὑπὸ
267 4539 367 4612 σιδήρου
388 4541 420 4594 ci.
439 4544 520 4596 Arist.
537 4545 569 4597 ad
588 4561 613 4612 p.
627 4544 669 4610 24,
677 4545 711 4597 20
727 4548 770 4598 cit.
877 4546 892 4598 2
911 4547 957 4599 ἀνὰ
974 4546 1047 4615 λόγον
1064 4547 1179 4616 Sauppe:
1198 4547 1350 4618 ἀνάλογονΡ
1458 4550 1473 4602 6
1493 4551 1552 4603 ἀπυ-

200 4626 328 4695 λυομένων
346 4631 451 4697 scripsi:
475 4631 637 4700 ἀπολομένων
655 4633 675 4686 Ρ
777 4633 792 4684 7
817 4633 914 4702 ὑμένων
933 4640 984 4687 τῶν
1003 4636 1091 4688 addidi
1193 4636 1221 4687 ἐκ
1239 4641 1285 4706 τῆς
1303 4637 1383 4691 Ross:
1408 4638 1480 4698 έκτός
1498 4641 1517 4692 Ρ

199 4713 236 4766 έτι
255 4717 359 4784 scripsi:
386 4717 473 4770 έστιΡ
564 4719 675 4772 θκάτω
693 4722 798 4788 scripsi:
823 4721 914 4775 ἅνωΡ
1007 4723 1039 4775 10
1061 4727 1105 4776 τοῦ
1124 4727 1193 4792 (post
1212 4724 1251 4789 ἐκ)
1270 4724 1408 4779 delendum
1426 4733 1489 4797 puto

198 4802 328 4873 ήρτημένα
346 4804 425 4857 Rosc:
449 4806 611 4875 ήρτϋμέναΡ
710 4809 737 4859 ll
764 4808 885 4882 βαρὺτερα
903 4810 1017 4879 Sauppe:
1043 4810 1217 4880 βραδὺτεραΡ
1319 4812 1349 4864 16
1373 4818 1409 4884 τῷ
1428 4815 1454 4868 δὲ
1472 4817 1551 4872 Ross:

198 4890 228 4942 τὸ
247 4889 312 4943 δὲΡ
421 4890 452 4944 18
476 4890 555 4962 θήλεα
574 4894 654 4947 Rosc:
679 4893 805 4965 θήλειαΡ
918 4897 954 4952 ότι
973 4899 1051 4952 Rosc:
1077 4897 1156 4953 ότεΡ
