3510 5610
827 332 999 390 Parscraru
1016 333 1097 390 LYDI

851 627 972 694 (litatus
992 629 1078 694 deest.
1500 606 1506 616 ¹
1610 643 1660 701 558

422 818 478 882 His
501 819 595 902 igitur
616 818 788 883 rationibus
810 818 1043 883 ostendentibus
1066 817 1203 882 animam
1226 818 1390 883 essentiam
1412 819 1591 903 incorpora·
1604 834 1633 878 ao

269 988 271 993 ,
336 920 399 985 lem
421 943 486 987 esse
509 928 540 986 et
561 921 747 1005 simplicem,
774 921 894 985 nullam
920 921 988 1004 quis
1015 920 1144 1005 recipiat
1170 920 1377 985 differentiam
1398 921 1432 985 in
1454 923 1591 1000 existen-

336 1024 420 1088 tibus
442 1024 607 1089 animabus
629 1023 662 1087 in
684 1023 872 1108 corporibus.
916 1023 1016 1107 qualis
1043 1023 1126 1087 enim
1153 1023 1242 1087 fieret
1268 1023 1408 1087 alteritas
1438 1024 1591 1108 simplicis

308 1133 366 1192 oet
388 1126 558 1192 secundnm
581 1126 748 1190 essentiam
770 1125 920 1209 qualitate
942 1125 1095 1190 carentis?
1118 1125 1294 1189 animarum
1315 1126 1409 1209 igitur
1430 1134 1466 1191 nt
1486 1147 1542 1210 per
1557 1148 1590 1190 se

335 1231 419 1316 ipsas
440 1236 596 1294 motarum
617 1228 787 1293 secundum
804 1228 968 1293 essentiam
983 1227 1137 1292 indiuerse
1151 1227 1333 1292 habentium
1349 1228 1388 1292 ad
1403 1249 1436 1292 se
1450 1229 1589 1292 inuicem

336 1333 441 1418 pulcre
464 1332 637 1397 differentia
659 1332 691 1395 in
714 1328 916 1415 qualitatibus
938 1330 1009 1394 erit:
1033 1351 1068 1394 ea
1090 1330 1217 1414 quidem
1239 1352 1277 1394 ex
1299 1331 1430 1411 uirtute,
1454 1352 1492 1395 ea
1513 1352 1590 1395 uero

337 1457 374 1500 ex
396 1435 516 1500 malitia
538 1434 743 1518 cognoscitur:
766 1454 802 1497 ac
823 1454 879 1517 per
899 1433 957 1497 hoc
979 1454 1030 1497 eas
1052 1433 1178 1517 quidem
1200 1433 1332 1498 maiores
1354 1434 1501 1518 consequi
1521 1433 1588 1517 dig·

335 1539 450 1603 nitates
465 1560 484 1602 a
499 1537 566 1617 deo,
582 1559 633 1601 eas
648 1557 721 1601 uero
736 1536 888 1600 malitiam
905 1556 984 1618 quae
999 1535 1128 1599 meliora
1142 1542 1216 1599 sunt
1230 1536 1423 1620 prohibendi.
1466 1538 1587 1601 formae
1600 1553 1631 1596 oo

295 1657 321 1703 ro
335 1640 461 1726 quidem
484 1633 645 1723 corpor'um
669 1638 874 1702 differentiam
896 1637 1014 1701 habent
1035 1658 1098 1701 non
1120 1638 1305 1702 orationali
1327 1639 1448 1719 anima,
1470 1639 1526 1703 sed
1549 1661 1588 1703 ex

334 1743 515 1829 parentibus
537 1749 569 1807 et
590 1763 629 1806 ex
649 1742 788 1805 locorum
810 1749 842 1805 et
865 1761 971 1804 aerum
994 1740 1230 1824 inaequalitate:
1255 1741 1336 1824 quod
1360 1741 1487 1826 quidem
1506 1743 1588 1807 etin

333 1847 404 1912 aliis
430 1846 618 1911 animalibus
649 1849 680 1909 et
706 1844 830 1941 omnino
858 1844 905 1907 his
935 1865 1015 1927 quae
1041 1844 1173 1907 suntin
1200 1846 1398 1928 generatione
1425 1851 1456 1909 et
1483 1865 1587 1910 corru-

333 1950 440 2035 ptione
461 1949 677 2013 manifestatur
697 1948 813 2025 ualere,
836 1947 924 2029 quasi
944 1947 1166 2031 compositione
1186 1968 1349 2032 corporum
1362 1948 1403 2012 ad
1418 1949 1587 2013 exteriores

332 2053 384 2117 uel
406 2053 502 2117 etiam
525 2050 741 2116 connaturales
765 2071 871 2114 causas
892 2050 1023 2114 uariata.
1068 2072 1169 2134 neque
1191 2051 1286 2134 igitur
1307 2051 1413 2116 anima
1432 2051 1588 2115 conuertit

293 2171 443 2239 1scorpus
465 2155 504 2219 ad
526 2154 702 2218 differentes
723 2154 847 2232 formas,
869 2173 970 2236 neque
993 2152 1113 2236 abipso
1130 2154 1330 2233 conuertitur,
1353 2153 1428 2217 dum
1442 2154 1485 2217 sit
1500 2152 1586 2217 omni

246 2324 248 2330 ,
333 2257 533 2323 conuersione
554 2256 693 2339 superior
715 2261 839 2339 proptor
862 2254 1017 2338 propriam
1039 2254 1281 2339 simplicitatem.
1327 2256 1442 2319 etenim
1465 2255 1498 2319 in
1521 2272 1615 2319 om-r

333 2362 425 2426 nibus
457 2357 645 2423 animalibus
678 2358 776 2421 forma
808 2356 933 2440 quidem
965 2357 1207 2440 uniuscuiusque
1234 2358 1343 2422 oadem
1372 2365 1419 2421 est
1444 2365 1586 2439 naturae,

332 2464 413 2528 sicut
433 2460 569 2526 hominis
592 2466 624 2524 et
646 2460 718 2542 equi
740 2467 772 2524 et
795 2459 893 2523 leonis
915 2466 947 2523 et
968 2459 1111 2539 aliorum,
1134 2466 1166 2524 et
1188 2481 1249 2524 non
1266 2460 1430 2525 excesserit
1446 2482 1586 2544 unquam

335 2572 366 2630 at
392 2562 606 2629 uniformitate
638 2568 669 2626 et
698 2561 971 2651 connaturalitate3
1006 2562 1172 2644 qualitates
1205 2584 1278 2627 uoro
1312 2569 1498 2627 conuertunt
1531 2583 1588 2646 per

292 2685 319 2730 ao
332 2667 455 2752 singula
483 2687 535 2730 eas
562 2685 642 2748 quae
668 2664 800 2728 suntin
827 2667 923 2748 parte·
941 2663 1145 2746 differentias,
1179 2687 1217 2729 ex
1244 2666 1357 2749 quibus
1383 2666 1586 2750 recipiuntur,

231 2791 236 2803 ’
332 2773 413 2837 sicut
443 2768 583 2833 homines
615 2766 697 2831 inter
728 2787 761 2830 se
787 2766 923 2851 inuicem
951 2765 1097 2831 differunt
1123 2774 1155 2831 et
1182 2767 1314 2832 aliorum
1342 2767 1587 2852 unumquodque

333 2871 541 2939 animantium
565 2875 596 2933 et
619 2868 872 2948 inanimantium,
894 2869 939 2932 ita
962 2875 997 2932 ut
1019 2874 1050 2932 et
1072 2870 1313 2953 compositorum
1336 2870 1472 2934 mixtura
1491 2887 1631 2935 causare

333 2972 562 3060 quodammodo
584 2971 625 3035 sit
647 2971 788 3035 diuersae
811 2991 974 3054 corporum
996 2971 1165 3055 qualitatis.

847 3262 968 3327 litatus
989 3263 1075 3327 deest.

293 3470 321 3515 ao
418 3455 500 3518 Hinc
522 3454 635 3518 inferre
658 3459 779 3536 oportet
801 3458 832 3515 et
854 3451 935 3534 quod
959 3452 1115 3515 residuum
1135 3459 1182 3515 est
1201 3455 1402 3536 quaestionis:
1426 3458 1582 3540 quomodo
1601 3473 1654 3532 559

332 3558 437 3622 anima
459 3578 530 3621 cum
553 3577 680 3640 corpore
703 3561 750 3619 est
764 3560 803 3618 et
827 3575 881 3638 per
903 3554 1026 3637 qualem
1050 3555 1186 3638 speciem
1208 3556 1405 3621 adunationis
1425 3559 1491 3623 siue
1506 3561 1588 3624 mix·

332 3668 436 3724 turam
457 3659 524 3723 siue
546 3657 799 3743 compositionem
821 3677 876 3720 seu
899 3657 996 3720 etiam
1019 3655 1112 3720 aliam
1135 3658 1292 3740 quandam
1313 3660 1586 3727 connaturalitatis

332 3763 473 3826 sormam.
518 3761 660 3825 uidemus
682 3760 764 3825 enim
787 3780 912 3823 omnem
934 3759 1098 3823 essentiam
1122 3767 1280 3844 acceptam
1308 3761 1340 3824 in
1362 3762 1455 3826 nnius
1481 3765 1586 3829 cuius·

276 4006 293 4058 ’ί
313 4005 392 4056 orario
410 4006 495 4055 murila
508 4004 617 4055 viderur:
634 4020 723 4069 praece
734 4003 799 4066 sorr.
812 4002 865 4066 faie
883 4001 927 4064 (al)
944 4000 961 4070 ἡ
976 4001 1022 4069 μὲν
1040 4000 1066 4061 ἐξ
1084 4001 1174 4074 ἀρετῆς
1192 4000 1244 4072 ἡδ’
1260 4002 1290 4054 ἐκ
1303 4003 1394 4062 κακίας
1411 4005 1565 4074 γνωρίζεται
1595 4010 1641 4062 καὶ

277 4091 317 4144 διὰ
335 4078 409 4143 ταῦτα
428 4092 471 4150 τὰς
491 4092 535 4160 μὲν
555 4090 654 4159 μείζονα
672 4088 802 4162 λαγχάνειν
827 4086 958 4157 ἀξιώματα
976 4089 1043 4160 παρὰ
1061 4086 1120 4141 θεοῦ
1137 4090 1182 4147 τὰς
1200 4089 1226 4142 δὲ
1332 4090 1425 4143 κακίαν
1442 4097 1488 4145 τοῦ
1506 4095 1538 4146 τὰ
1556 4096 1640 4166 κρείτ-

276 4196 337 4230 τονα
357 4177 465 4230 zoloae
545 4188 602 4244 port
621 4177 724 4246 quidem
745 4175 808 4225 duaa
827 4177 872 4226 lire.
892 4193 958 4227 eros.
980 4174 1003 4226 G
1085 4193 1117 4228 ex
1136 4176 1246 4245 uirtute]
1266 4194 1299 4230 ex
1317 4178 1376 4230 add.
1399 4178 1434 4230 θ’
1450 4191 1521 4231 extra
1540 4201 1640 4234 oeream

278 4266 294 4318 9
321 4265 380 4334 deo]
400 4267 434 4318 db
457 4265 480 4317 G
603 4260 702 4340 l'l'est
719 4282 763 4314 om.
785 4262 819 4313 6³¹
946 4263 1136 4332 naturaque.
1154 4262 1225 4332 φύσει
1351 4266 1382 4318 18
1407 4285 1496 4332 praeca
1507 4269 1573 4330 sort.
1594 4272 1640 4322 καὶ

277 4352 325 4405 οὐκ
344 4353 375 4406 ἂν
393 4352 495 4422 ἐκσταίη
513 4352 573 4405 ποτὲ
591 4354 637 4422 τῆς
655 4349 804 4418 μσνσιιόείας
823 4351 866 4403 καί
884 4351 1020 4420 σαμφυῖαςε
1042 4362 1123 4402 cetera
1143 4353 1283 4421 ιἰιιιηψιαια
1304 4353 1414 4418 relinquo
1439 4353 1581 4421 (Duebaaro
1600 4360 1638 4408 ια’-

277 4441 348 4491 derur
371 4443 400 4493 in
423 4453 478 4492 aare
500 4457 543 4494 eas
562 4455 629 4508 quae
651 4441 713 4490 sunt
731 4437 862 4501 excidisse,
890 4449 913 4489 er
934 4455 966 4491 ex
990 4439 1086 4507 quibus
1108 4440 1271 4506 recipiuntur
1293 4436 1319 4498 ίξ
1342 4438 1378 4491 ὧν
1401 4439 1639 4511 καταλαμβάνονται

274 4546 363 4593 praeca
376 4527 471 4594 saissa)
567 4526 600 4578 24
622 4526 688 4576 deest
706 4526 743 4576 αἰ.
760 4527 840 4590 spacio
859 4537 961 4575 vocante
983 4525 1019 4576 G:
1039 4525 1173 4588 Quomodo
1192 4528 1280 4579 anima
1299 4542 1357 4579 curn
1375 4543 1482 4596 corpore
1499 4530 1593 4584 unitur
1611 4537 1639 4586 et

276 4631 323 4682 per
345 4614 446 4682 qualem
470 4613 581 4681 speciem
605 4613 777 4665 adunacionis
801 4610 842 4664 H:
870 4612 1004 4675 Quomodo
1029 4614 1115 4665 anima
1139 4629 1197 4666 eum
1221 4629 1327 4682 corpore
1354 4615 1389 4667 sit
1411 4620 1437 4668 et
1462 4632 1507 4685 per
1531 4619 1637 4686 qualem

277 4753 387 4819 speciem
409 4751 443 4800 l!
457 4713 464 4726 ο
528 4749 560 4800 2ss
580 4750 647 4819 siue]
661 4703 740 4803 Βίίωίὲι
759 4753 814 4803 siue
833 4767 879 4818 per
897 4752 929 4801 Η
1017 4752 1051 4803 ⁸28
1069 4753 1117 4808 faie
1135 4754 1244 4816 fortasse
1262 4771 1350 4820 qroece
1369 4751 1470 4824 ὁρῶμεν
1488 4754 1535 4824 γὰρ
1552 4761 1637 4809 πᾶσαν

277 4838 360 4889 οὐσίαν
384 4838 565 4907 auctir-appium
588 4839 622 4895 εἰς
644 4840 689 4906 τὴν
713 4838 766 4896 ἑνὸς
790 4839 895 4889 ἑκάστου
914 4837 1059 4897 ὑπόστασιν,
1088 4840 1153 4909 ζῴου
1177 4839 1253 4909 τυχὸν
1278 4838 1292 4910 q
1313 4839 1442 4908 σώματος,
1470 4841 1491 4893 al
1515 4842 1637 4914 πρότερον

276 4925 382 4978 ἄλλοθεν
401 4924 586 4996 μεταβληίίιῐσα
604 4926 648 4978 καὶ
666 4924 787 4998 φθαρεῖσα
806 4923 873 4977 οὕτω
892 4926 921 4997 δὴ
942 4926 1108 4996 ἐφαρμόζεται
1127 4927 1161 4984 είς
1178 4927 1225 4997 τὴν
1243 4931 1287 4980 τοῦ
1306 4927 1360 4987 ἑνὸς
1378 4927 1512 4982 ὑπόστασιν
