<?xml version="1.0" encoding="UTF-8"?>
<!DOCTYPE html PUBLIC "-//W3C//DTD XHTML 1.0 Transitional//EN"
    "http://www.w3.org/TR/xhtml1/DTD/xhtml1-transitional.dtd">
<html xmlns="http://www.w3.org/1999/xhtml" xml:lang="en" lang="en">
 <head>
  <title>
</title>
<meta http-equiv="Content-Type" content="text/html;charset=utf-8" />
  <meta name='ocr-system' content='tesseract 3.04.00' />
  <meta name='ocr-capabilities' content='ocr_page ocr_carea ocr_par ocr_line ocrx_word'/>
</head>
<body>
  <div class='ocr_page' id='page_1' title='image "./supplementumari01arisgoog_0030.png"; bbox 0 0 3510 5610; ppageno 0'>
   <div class='ocr_carea' id='block_1_1' title="bbox 196 1301 1729 1389">
    <p class='ocr_par' dir='ltr' id='par_1_1' title="bbox 196 1301 1729 1389">
     <span class='ocr_line' id='line_1_1' title="bbox 196 1301 1729 1389; baseline 0.005 -29"><span class='ocrx_word' id='word_1_1' title='bbox 196 1318 247 1362; x_wconf 71' lang='grc' dir='ltr'>τοι</span> <span class='ocrx_word' id='word_1_2' title='bbox 287 1301 445 1387; x_wconf 84' lang='grc' dir='ltr'>Συλλυγὴ</span> <span class='ocrx_word' id='word_1_3' title='bbox 473 1309 533 1389; x_wconf 81' lang='grc' dir='ltr'>τῆς</span> <span class='ocrx_word' id='word_1_4' title='bbox 560 1305 636 1389; x_wconf 87' lang='grc' dir='ltr'>περὶ</span> <span class='ocrx_word' id='word_1_5' title='bbox 663 1301 761 1389; x_wconf 80' lang='grc' dir='ltr'>ζῴων</span> <span class='ocrx_word' id='word_1_6' title='bbox 788 1302 958 1387; x_wconf 80' lang='grc' dir='ltr'>ἱστορίας,</span> <span class='ocrx_word' id='word_1_7' title='bbox 984 1303 1158 1388; x_wconf 82' lang='grc' dir='ltr'>χερσαίων</span> <span class='ocrx_word' id='word_1_8' title='bbox 1185 1307 1325 1387; x_wconf 88' lang='grc' dir='ltr'>πτηνῶν</span> <span class='ocrx_word' id='word_1_9' title='bbox 1351 1326 1386 1366; x_wconf 87' lang='grc' dir='ltr'>τε</span> <span class='ocrx_word' id='word_1_10' title='bbox 1415 1306 1473 1368; x_wconf 85' lang='grc' dir='ltr'>καὶ</span> <span class='ocrx_word' id='word_1_11' title='bbox 1515 1312 1627 1370; x_wconf 81' lang='lat' dir='ltr'>17Rose</span> <span class='ocrx_word' id='word_1_12' title='bbox 1726 1322 1729 1335; x_wconf 81' lang='lat'><strong>¹</strong></span> 
     </span>
    </p>
   </div>
   <div class='ocr_carea' id='block_1_2' title="bbox 287 1404 1474 1594">
    <p class='ocr_par' dir='ltr' id='par_1_2' title="bbox 287 1404 1474 1594">
     <span class='ocr_line' id='line_1_2' title="bbox 287 1404 1474 1492; baseline 0.002 -23"><span class='ocrx_word' id='word_1_13' title='bbox 287 1406 496 1482; x_wconf 75' lang='grc' dir='ltr'>θαλαττίων,</span> <span class='ocrx_word' id='word_1_14' title='bbox 516 1405 767 1491; x_wconf 88' lang='grc' dir='ltr'>Κωνσταντίνιρ</span> <span class='ocrx_word' id='word_1_15' title='bbox 787 1409 833 1490; x_wconf 80' lang='grc' dir='ltr'>τῷ</span> <span class='ocrx_word' id='word_1_16' title='bbox 856 1407 995 1491; x_wconf 81' lang='grc' dir='ltr'>μεγάλῳ</span> <span class='ocrx_word' id='word_1_17' title='bbox 1015 1407 1154 1491; x_wconf 83' lang='grc' dir='ltr'>βασιλεῖ</span> <span class='ocrx_word' id='word_1_18' title='bbox 1170 1406 1227 1470; x_wconf 86' lang='grc' dir='ltr'>καὶ</span> <span class='ocrx_word' id='word_1_19' title='bbox 1246 1404 1474 1492; x_wconf 77' lang='grc' dir='ltr'>αὐτοκράτορι</span> 
     </span>
     <span class='ocr_line' id='line_1_3' title="bbox 732 1507 1030 1594; baseline 0.007 -24"><span class='ocrx_word' id='word_1_20' title='bbox 732 1507 1030 1594; x_wconf 86' lang='grc' dir='ltr'>φιλοπονηθεῖσα.</span> 
     </span>
    </p>
   </div>
   <div class='ocr_carea' id='block_1_3' title="bbox 225 1733 1475 2026">
    <p class='ocr_par' dir='ltr' id='par_1_3' title="bbox 225 1733 1475 2026">
     <span class='ocr_line' id='line_1_4' title="bbox 286 1733 1475 1822; baseline 0.002 -23"><span class='ocrx_word' id='word_1_21' title='bbox 286 1734 562 1821; x_wconf 81' lang='grc' dir='ltr'>Ἀριστοφάνους</span> <span class='ocrx_word' id='word_1_22' title='bbox 586 1742 653 1799; x_wconf 92' lang='grc' dir='ltr'>τῶν</span> <span class='ocrx_word' id='word_1_23' title='bbox 677 1734 947 1821; x_wconf 85' lang='grc' dir='ltr'>Ἀριστοτέλους</span> <span class='ocrx_word' id='word_1_24' title='bbox 973 1736 1053 1820; x_wconf 81' lang='grc' dir='ltr'>περὶ</span> <span class='ocrx_word' id='word_1_25' title='bbox 1079 1733 1176 1820; x_wconf 75' lang='grc' dir='ltr'>ζῴων</span> <span class='ocrx_word' id='word_1_26' title='bbox 1198 1735 1366 1822; x_wconf 85' lang='grc' dir='ltr'>έπιτομη,</span> <span class='ocrx_word' id='word_1_27' title='bbox 1395 1737 1475 1801; x_wconf 85' lang='grc' dir='ltr'>ὑπο·</span> 
     </span>
     <span class='ocr_line' id='line_1_5' title="bbox 225 1836 1475 1925; baseline 0.005 -27"><span class='ocrx_word' id='word_1_28' title='bbox 225 1855 241 1898; x_wconf 86' lang='lat'>5</span> <span class='ocrx_word' id='word_1_29' title='bbox 288 1840 462 1903; x_wconf 74' lang='grc' dir='ltr'>τεθέντων</span> <span class='ocrx_word' id='word_1_30' title='bbox 493 1841 628 1924; x_wconf 80' lang='grc' dir='ltr'>ἑκάστῳ</span> <span class='ocrx_word' id='word_1_31' title='bbox 658 1837 739 1923; x_wconf 79' lang='grc' dir='ltr'>ζῴῳ</span> <span class='ocrx_word' id='word_1_32' title='bbox 766 1839 823 1901; x_wconf 81' lang='grc' dir='ltr'>καὶ</span> <span class='ocrx_word' id='word_1_33' title='bbox 852 1841 920 1900; x_wconf 92' lang='grc' dir='ltr'>τῶν</span> <span class='ocrx_word' id='word_1_34' title='bbox 949 1836 1107 1924; x_wconf 80' lang='grc' dir='ltr'>Αίλιανῷ</span> <span class='ocrx_word' id='word_1_35' title='bbox 1138 1840 1196 1902; x_wconf 85' lang='grc' dir='ltr'>καί</span> <span class='ocrx_word' id='word_1_36' title='bbox 1225 1837 1389 1925; x_wconf 84' lang='grc' dir='ltr'>Τιμοθέῳ</span> <span class='ocrx_word' id='word_1_37' title='bbox 1418 1842 1475 1904; x_wconf 85' lang='grc' dir='ltr'>καὶ</span> 
     </span>
     <span class='ocr_line' id='line_1_6' title="bbox 530 1940 1239 2026; baseline -0.003 -20"><span class='ocrx_word' id='word_1_38' title='bbox 530 1941 663 2026; x_wconf 79' lang='grc' dir='ltr'>ἑτέροις</span> <span class='ocrx_word' id='word_1_39' title='bbox 688 1943 757 2005; x_wconf 82' lang='grc' dir='ltr'>τισὶ</span> <span class='ocrx_word' id='word_1_40' title='bbox 784 1942 861 2025; x_wconf 83' lang='grc' dir='ltr'>περὶ</span> <span class='ocrx_word' id='word_1_41' title='bbox 887 1940 1003 2005; x_wconf 76' lang='grc' dir='ltr'>αὐτῶν</span> <span class='ocrx_word' id='word_1_42' title='bbox 1031 1940 1239 2026; x_wconf 87' lang='grc' dir='ltr'>είρημένων.</span> 
     </span>
    </p>
   </div>
   <div class='ocr_carea' id='block_1_4' title="bbox 556 2166 1213 2564">
    <p class='ocr_par' dir='ltr' id='par_1_4' title="bbox 556 2166 1171 2255">
     <span class='ocr_line' id='line_1_7' title="bbox 556 2166 1171 2255; baseline 0.002 -22"><span class='ocrx_word' id='word_1_43' title='bbox 556 2166 650 2255; x_wconf 84' lang='grc' dir='ltr'>Ζῴων</span> <span class='ocrx_word' id='word_1_44' title='bbox 673 2166 730 2254; x_wconf 86' lang='grc' dir='ltr'>ἔθη</span> <span class='ocrx_word' id='word_1_45' title='bbox 752 2170 843 2252; x_wconf 86' lang='grc' dir='ltr'>νομάς</span> <span class='ocrx_word' id='word_1_46' title='bbox 864 2192 896 2232; x_wconf 88' lang='grc' dir='ltr'>τε</span> <span class='ocrx_word' id='word_1_47' title='bbox 917 2170 966 2233; x_wconf 83' lang='grc' dir='ltr'>καὶ</span> <span class='ocrx_word' id='word_1_48' title='bbox 987 2169 1088 2254; x_wconf 82' lang='grc' dir='ltr'>φύσεις</span> <span class='ocrx_word' id='word_1_49' title='bbox 1109 2169 1171 2254; x_wconf 79' lang='grc' dir='ltr'>ἅμα</span> 
     </span>
    </p>

    <p class='ocr_par' dir='ltr' id='par_1_5' title="bbox 557 2272 1213 2564">
     <span class='ocr_line' id='line_1_8' title="bbox 558 2272 1212 2357; baseline 0 -22"><span class='ocrx_word' id='word_1_50' title='bbox 558 2276 615 2335; x_wconf 93' lang='grc' dir='ltr'>τῶν</span> <span class='ocrx_word' id='word_1_51' title='bbox 637 2275 765 2357; x_wconf 87' lang='grc' dir='ltr'>γηγενῶν</span> <span class='ocrx_word' id='word_1_52' title='bbox 787 2276 904 2356; x_wconf 84' lang='grc' dir='ltr'>πτηνῶν</span> <span class='ocrx_word' id='word_1_53' title='bbox 926 2296 958 2337; x_wconf 82' lang='grc' dir='ltr'>τε</span> <span class='ocrx_word' id='word_1_54' title='bbox 980 2274 1028 2336; x_wconf 81' lang='grc' dir='ltr'>καὶ</span> <span class='ocrx_word' id='word_1_55' title='bbox 1050 2272 1212 2336; x_wconf 77' lang='grc' dir='ltr'>θαλαττίων</span> 
     </span>
     <span class='ocr_line' id='line_1_9' title="bbox 557 2372 1213 2460; baseline 0 -22"><span class='ocrx_word' id='word_1_56' title='bbox 557 2373 626 2445; x_wconf 73' lang='grc' dir='ltr'>ἅναξ</span> <span class='ocrx_word' id='word_1_57' title='bbox 648 2376 664 2438; x_wconf 88' lang='grc' dir='ltr'>ό</span> <span class='ocrx_word' id='word_1_58' title='bbox 687 2375 787 2445; x_wconf 91' lang='grc' dir='ltr'>πιστδς</span> <span class='ocrx_word' id='word_1_59' title='bbox 812 2376 860 2438; x_wconf 84' lang='grc' dir='ltr'>καί</span> <span class='ocrx_word' id='word_1_60' title='bbox 883 2376 973 2460; x_wconf 89' lang='grc' dir='ltr'>σοφδς</span> <span class='ocrx_word' id='word_1_61' title='bbox 995 2372 1213 2445; x_wconf 84' lang='grc' dir='ltr'>Κωνσταντῖνος</span> 
     </span>
     <span class='ocr_line' id='line_1_10' title="bbox 562 2477 1206 2564; baseline 0.002 -22"><span class='ocrx_word' id='word_1_62' title='bbox 562 2477 665 2562; x_wconf 78' lang='grc' dir='ltr'>σονῆίε</span> <span class='ocrx_word' id='word_1_63' title='bbox 686 2481 804 2548; x_wconf 76' lang='grc' dir='ltr'>λοιπαῖς</span> <span class='ocrx_word' id='word_1_64' title='bbox 826 2479 885 2543; x_wconf 82' lang='grc' dir='ltr'>ὧδε</span> <span class='ocrx_word' id='word_1_65' title='bbox 907 2482 958 2542; x_wconf 81' lang='grc' dir='ltr'>τοῦ</span> <span class='ocrx_word' id='word_1_66' title='bbox 980 2483 1031 2542; x_wconf 79' lang='grc' dir='ltr'>νοῶ</span> <span class='ocrx_word' id='word_1_67' title='bbox 1052 2478 1206 2564; x_wconf 91' lang='grc' dir='ltr'>φροντίσιν.</span> 
     </span>
    </p>
   </div>
   <div class='ocr_carea' id='block_1_5' title="bbox 858 2728 919 2820">
    <p class='ocr_par' dir='ltr' id='par_1_6' title="bbox 858 2728 919 2820">
     <span class='ocr_line' id='line_1_11' title="bbox 858 2728 919 2820; baseline 0 0"><span class='ocrx_word' id='word_1_68' title='bbox 858 2728 919 2820; x_wconf 69' lang='lat' dir='ltr'>(A)</span> 
     </span>
    </p>
   </div>
   <div class='ocr_carea' id='block_1_6' title="bbox 203 2906 1553 3920">
    <p class='ocr_par' dir='ltr' id='par_1_7' title="bbox 203 2906 1553 3920">
     <span class='ocr_line' id='line_1_12' title="bbox 345 2906 1510 2994; baseline -0.001 -20"><span class='ocrx_word' id='word_1_69' title='bbox 345 2911 396 2993; x_wconf 90' lang='lat'>(1)</span> <span class='ocrx_word' id='word_1_70' title='bbox 417 2906 516 2973; x_wconf 80' lang='grc' dir='ltr'>Ταῦτά</span> <span class='ocrx_word' id='word_1_71' title='bbox 531 2908 607 2971; x_wconf 83' lang='grc' dir='ltr'>ἐστιν</span> <span class='ocrx_word' id='word_1_72' title='bbox 626 2908 708 2991; x_wconf 75' lang='grc' dir='ltr'>έντῇ</span> <span class='ocrx_word' id='word_1_73' title='bbox 729 2913 778 2972; x_wconf 79' lang='grc' dir='ltr'>νῦν</span> <span class='ocrx_word' id='word_1_74' title='bbox 798 2907 967 2993; x_wconf 84' lang='grc' dir='ltr'>γραφομένη</span> <span class='ocrx_word' id='word_1_75' title='bbox 990 2907 1040 2994; x_wconf 82' lang='grc' dir='ltr'>ὑφ’</span> <span class='ocrx_word' id='word_1_76' title='bbox 1057 2910 1141 2993; x_wconf 75' lang='grc' dir='ltr'>ἡμῶν</span> <span class='ocrx_word' id='word_1_77' title='bbox 1164 2909 1294 2980; x_wconf 74' lang='grc' dir='ltr'>συντάξει</span> <span class='ocrx_word' id='word_1_78' title='bbox 1315 2909 1334 2973; x_wconf 81' lang='grc' dir='ltr'><strong><em>ἃ</em></strong></span> <span class='ocrx_word' id='word_1_79' title='bbox 1356 2910 1454 2994; x_wconf 82' lang='grc' dir='ltr'>δεήσει</span> <span class='ocrx_word' id='word_1_80' title='bbox 1476 2929 1510 2973; x_wconf 84' lang='grc' dir='ltr'>σε</span> 
     </span>
     <span class='ocr_line' id='line_1_13' title="bbox 203 3009 1521 3098; baseline -0.002 -24"><span class='ocrx_word' id='word_1_81' title='bbox 203 3032 255 3076; x_wconf 68' lang='grc' dir='ltr'>τοι</span> <span class='ocrx_word' id='word_1_82' title='bbox 270 3016 434 3097; x_wconf 73' lang='grc' dir='ltr'>ἐπιγνῶναι,</span> <span class='ocrx_word' id='word_1_83' title='bbox 452 3012 455 3097; x_wconf 69' lang='grc' dir='ltr'>λ</span> <span class='ocrx_word' id='word_1_84' title='bbox 473 3014 535 3075; x_wconf 87' lang='grc' dir='ltr'>τίνα</span> <span class='ocrx_word' id='word_1_85' title='bbox 549 3011 625 3093; x_wconf 82' lang='grc' dir='ltr'>λέγει</span> <span class='ocrx_word' id='word_1_86' title='bbox 641 3013 656 3075; x_wconf 92' lang='grc' dir='ltr'>ό</span> <span class='ocrx_word' id='word_1_87' title='bbox 673 3010 876 3096; x_wconf 80' lang='grc' dir='ltr'>Ἀριστοτέλης</span> <span class='ocrx_word' id='word_1_88' title='bbox 890 3011 920 3074; x_wconf 84' lang='grc' dir='ltr'>ἐν</span> <span class='ocrx_word' id='word_1_89' title='bbox 935 3016 972 3094; x_wconf 76' lang='grc' dir='ltr'>τῇ</span> <span class='ocrx_word' id='word_1_90' title='bbox 990 3011 1060 3097; x_wconf 81' lang='grc' dir='ltr'>Περὶ</span> <span class='ocrx_word' id='word_1_91' title='bbox 1080 3009 1165 3098; x_wconf 75' lang='grc' dir='ltr'>ζῴων</span> <span class='ocrx_word' id='word_1_92' title='bbox 1187 3012 1365 3096; x_wconf 72' lang='grc' dir='ltr'>πραγματείᾳ</span> <span class='ocrx_word' id='word_1_93' title='bbox 1388 3012 1521 3097; x_wconf 31' lang='grc' dir='ltr'>σελάχια,</span> 
     </span>
     <span class='ocr_line' id='line_1_14' title="bbox 263 3113 1511 3203; baseline -0.003 -22"><span class='ocrx_word' id='word_1_94' title='bbox 263 3122 326 3203; x_wconf 76' lang='grc' dir='ltr'>ζῶα</span> <span class='ocrx_word' id='word_1_95' title='bbox 348 3118 396 3180; x_wconf 88' lang='grc' dir='ltr'>καὶ</span> <span class='ocrx_word' id='word_1_96' title='bbox 418 3118 479 3180; x_wconf 86' lang='grc' dir='ltr'>τίνοι</span> <span class='ocrx_word' id='word_1_97' title='bbox 503 3116 645 3197; x_wconf 88' lang='grc' dir='ltr'>μαλάκια,</span> <span class='ocrx_word' id='word_1_98' title='bbox 668 3115 775 3197; x_wconf 83' lang='grc' dir='ltr'>ὁμοίως</span> <span class='ocrx_word' id='word_1_99' title='bbox 798 3114 899 3178; x_wconf 79' lang='grc' dir='ltr'>δὲκαὶ</span> <span class='ocrx_word' id='word_1_100' title='bbox 922 3114 983 3177; x_wconf 89' lang='grc' dir='ltr'>τίνα</span> <span class='ocrx_word' id='word_1_101' title='bbox 1006 3113 1231 3200; x_wconf 72' lang='grc' dir='ltr'>μαλακόστρακα</span> <span class='ocrx_word' id='word_1_102' title='bbox 1252 3115 1442 3197; x_wconf 75' lang='grc' dir='ltr'>κατονομάζει</span> <span class='ocrx_word' id='word_1_103' title='bbox 1462 3116 1511 3178; x_wconf 84' lang='grc' dir='ltr'>καὶ</span> 
     </span>
     <span class='ocr_line' id='line_1_15' title="bbox 219 3213 1538 3302; baseline -0.006 -20"><span class='ocrx_word' id='word_1_104' title='bbox 219 3238 247 3282; x_wconf 87' lang='lat'>15</span> <span class='ocrx_word' id='word_1_105' title='bbox 261 3221 322 3283; x_wconf 86' lang='grc' dir='ltr'>τίνοι</span> <span class='ocrx_word' id='word_1_106' title='bbox 346 3216 577 3302; x_wconf 72' lang='grc' dir='ltr'>ὀστρακόδερμα.</span> <span class='ocrx_word' id='word_1_107' title='bbox 605 3219 675 3279; x_wconf 86' lang='grc' dir='ltr'>ποῖά</span> <span class='ocrx_word' id='word_1_108' title='bbox 696 3240 727 3279; x_wconf 84' lang='grc' dir='ltr'>τε</span> <span class='ocrx_word' id='word_1_109' title='bbox 753 3216 828 3299; x_wconf 84' lang='grc' dir='ltr'>λέγει</span> <span class='ocrx_word' id='word_1_110' title='bbox 851 3222 909 3279; x_wconf 92' lang='grc' dir='ltr'>τῶν</span> <span class='ocrx_word' id='word_1_111' title='bbox 932 3213 1018 3301; x_wconf 73' lang='grc' dir='ltr'>ζῴων</span> <span class='ocrx_word' id='word_1_112' title='bbox 1042 3216 1259 3302; x_wconf 81' lang='grc' dir='ltr'>καρχαρόδοντα</span> <span class='ocrx_word' id='word_1_113' title='bbox 1286 3217 1334 3280; x_wconf 87' lang='grc' dir='ltr'>καὶ</span> <span class='ocrx_word' id='word_1_114' title='bbox 1356 3217 1417 3280; x_wconf 92' lang='grc' dir='ltr'>τίνα</span> <span class='ocrx_word' id='word_1_115' title='bbox 1439 3231 1538 3301; x_wconf 74' lang='grc' dir='ltr'>χαυσ</span> 
     </span>
     <span class='ocr_line' id='line_1_16' title="bbox 260 3316 1511 3405; baseline -0.002 -19"><span class='ocrx_word' id='word_1_116' title='bbox 260 3325 390 3387; x_wconf 86' lang='grc' dir='ltr'>λιόδοντα</span> <span class='ocrx_word' id='word_1_117' title='bbox 417 3322 464 3384; x_wconf 86' lang='grc' dir='ltr'>καὶ</span> <span class='ocrx_word' id='word_1_118' title='bbox 487 3318 656 3405; x_wconf 80' lang='grc' dir='ltr'>ἀμφόδοντα</span> <span class='ocrx_word' id='word_1_119' title='bbox 682 3321 730 3383; x_wconf 82' lang='grc' dir='ltr'>καὶ</span> <span class='ocrx_word' id='word_1_120' title='bbox 758 3318 926 3399; x_wconf 90' lang='grc' dir='ltr'>συνόδοντα,</span> <span class='ocrx_word' id='word_1_121' title='bbox 954 3320 1024 3382; x_wconf 84' lang='grc' dir='ltr'>ποῖά</span> <span class='ocrx_word' id='word_1_122' title='bbox 1046 3343 1076 3382; x_wconf 85' lang='grc' dir='ltr'>τε</span> <span class='ocrx_word' id='word_1_123' title='bbox 1102 3316 1209 3404; x_wconf 86' lang='grc' dir='ltr'>ἔντομα</span> <span class='ocrx_word' id='word_1_124' title='bbox 1235 3320 1347 3405; x_wconf 82' lang='grc' dir='ltr'>πέφυκε</span> <span class='ocrx_word' id='word_1_125' title='bbox 1374 3320 1422 3384; x_wconf 86' lang='grc' dir='ltr'>καί</span> <span class='ocrx_word' id='word_1_126' title='bbox 1449 3320 1511 3384; x_wconf 91' lang='grc' dir='ltr'>τίνα</span> 
     </span>
     <span class='ocr_line' id='line_1_17' title="bbox 261 3421 1510 3509; baseline -0.002 -20"><span class='ocrx_word' id='word_1_127' title='bbox 261 3427 336 3489; x_wconf 79' lang='grc' dir='ltr'>ἐστὶν</span> <span class='ocrx_word' id='word_1_128' title='bbox 360 3426 483 3509; x_wconf 76' lang='grc' dir='ltr'>ἀμφίβια</span> <span class='ocrx_word' id='word_1_129' title='bbox 505 3424 552 3486; x_wconf 85' lang='grc' dir='ltr'>καὶ</span> <span class='ocrx_word' id='word_1_130' title='bbox 575 3421 720 3485; x_wconf 70' lang='grc' dir='ltr'>λεπιδωτοί</span> <span class='ocrx_word' id='word_1_131' title='bbox 745 3422 793 3485; x_wconf 83' lang='grc' dir='ltr'>καί</span> <span class='ocrx_word' id='word_1_132' title='bbox 816 3424 978 3506; x_wconf 84' lang='grc' dir='ltr'>φολιδωτά,</span> <span class='ocrx_word' id='word_1_133' title='bbox 1005 3425 1053 3485; x_wconf 85' lang='grc' dir='ltr'>καί</span> <span class='ocrx_word' id='word_1_134' title='bbox 1080 3428 1150 3486; x_wconf 81' lang='grc' dir='ltr'>ποῖα</span> <span class='ocrx_word' id='word_1_135' title='bbox 1177 3425 1302 3508; x_wconf 86' lang='grc' dir='ltr'>μῶνυχα</span> <span class='ocrx_word' id='word_1_136' title='bbox 1328 3424 1376 3486; x_wconf 83' lang='grc' dir='ltr'>καὶ</span> <span class='ocrx_word' id='word_1_137' title='bbox 1402 3423 1510 3508; x_wconf 83' lang='grc' dir='ltr'>διχηλολ</span> 
     </span>
     <span class='ocr_line' id='line_1_18' title="bbox 261 3524 1511 3612; baseline -0.003 -20"><span class='ocrx_word' id='word_1_138' title='bbox 261 3531 309 3592; x_wconf 89' lang='grc' dir='ltr'>καὶ</span> <span class='ocrx_word' id='word_1_139' title='bbox 332 3529 496 3611; x_wconf 78' lang='grc' dir='ltr'>πολυσχιδῆ</span> <span class='ocrx_word' id='word_1_140' title='bbox 520 3528 568 3589; x_wconf 84' lang='grc' dir='ltr'>καὶ</span> <span class='ocrx_word' id='word_1_141' title='bbox 590 3525 786 3608; x_wconf 86' lang='grc' dir='ltr'>στεγανόποδα</span> <span class='ocrx_word' id='word_1_142' title='bbox 812 3526 860 3588; x_wconf 85' lang='grc' dir='ltr'>καί</span> <span class='ocrx_word' id='word_1_143' title='bbox 883 3524 1059 3609; x_wconf 86' lang='grc' dir='ltr'>κολεόπτερα</span> <span class='ocrx_word' id='word_1_144' title='bbox 1085 3526 1134 3589; x_wconf 86' lang='grc' dir='ltr'>καί</span> <span class='ocrx_word' id='word_1_145' title='bbox 1160 3525 1288 3588; x_wconf 86' lang='grc' dir='ltr'>πτιλωτδι</span> <span class='ocrx_word' id='word_1_146' title='bbox 1310 3527 1357 3589; x_wconf 85' lang='grc' dir='ltr'>καί</span> <span class='ocrx_word' id='word_1_147' title='bbox 1380 3525 1511 3612; x_wconf 79' lang='grc' dir='ltr'>πτερωτὰ</span> 
     </span>
     <span class='ocr_line' id='line_1_19' title="bbox 263 3627 1551 3714; baseline -0.005 -20"><span class='ocrx_word' id='word_1_148' title='bbox 263 3633 311 3695; x_wconf 86' lang='grc' dir='ltr'>καὶ</span> <span class='ocrx_word' id='word_1_149' title='bbox 338 3632 522 3714; x_wconf 74' lang='grc' dir='ltr'>γαμψώνυχα</span> <span class='ocrx_word' id='word_1_150' title='bbox 544 3629 593 3691; x_wconf 86' lang='grc' dir='ltr'>καί</span> <span class='ocrx_word' id='word_1_151' title='bbox 615 3627 777 3713; x_wconf 89' lang='grc' dir='ltr'>όλόσφυρα·</span> <span class='ocrx_word' id='word_1_152' title='bbox 812 3629 944 3712; x_wconf 81' lang='grc' dir='ltr'>τοιαύτης</span> <span class='ocrx_word' id='word_1_153' title='bbox 966 3628 1019 3713; x_wconf 83' lang='grc' dir='ltr'>γὰρ</span> <span class='ocrx_word' id='word_1_154' title='bbox 1041 3633 1094 3713; x_wconf 76' lang='grc' dir='ltr'>τῆς</span> <span class='ocrx_word' id='word_1_155' title='bbox 1116 3629 1334 3698; x_wconf 85' lang='grc' dir='ltr'>ὑποτυπώσεως</span> <span class='ocrx_word' id='word_1_156' title='bbox 1359 3629 1510 3714; x_wconf 83' lang='grc' dir='ltr'>γινομένης</span> <span class='ocrx_word' id='word_1_157' title='bbox 1523 3644 1551 3688; x_wconf 83' lang='grc' dir='ltr'>ιο</span> 
     </span>
     <span class='ocr_line' id='line_1_20' title="bbox 218 3730 1347 3816; baseline 0.001 -22"><span class='ocrx_word' id='word_1_158' title='bbox 218 3750 248 3794; x_wconf 79' lang='grc' dir='ltr'>νο</span> <span class='ocrx_word' id='word_1_159' title='bbox 262 3733 471 3815; x_wconf 75' lang='grc' dir='ltr'>εὐεπίγνωστος</span> <span class='ocrx_word' id='word_1_160' title='bbox 492 3734 602 3814; x_wconf 82' lang='grc' dir='ltr'>μᾶλλον</span> <span class='ocrx_word' id='word_1_161' title='bbox 624 3731 673 3794; x_wconf 86' lang='grc' dir='ltr'>καί</span> <span class='ocrx_word' id='word_1_162' title='bbox 695 3732 714 3814; x_wconf 78' lang='grc' dir='ltr'>ἡ</span> <span class='ocrx_word' id='word_1_163' title='bbox 738 3735 795 3793; x_wconf 89' lang='grc' dir='ltr'>τῶν</span> <span class='ocrx_word' id='word_1_164' title='bbox 818 3731 892 3794; x_wconf 86' lang='grc' dir='ltr'>κατὰ</span> <span class='ocrx_word' id='word_1_165' title='bbox 915 3730 1002 3815; x_wconf 81' lang='grc' dir='ltr'>μέρος</span> <span class='ocrx_word' id='word_1_166' title='bbox 1023 3730 1139 3815; x_wconf 85' lang='grc' dir='ltr'>γένηταί</span> <span class='ocrx_word' id='word_1_167' title='bbox 1161 3752 1206 3796; x_wconf 91' lang='grc' dir='ltr'>σοι</span> <span class='ocrx_word' id='word_1_168' title='bbox 1228 3733 1347 3816; x_wconf 78' lang='grc' dir='ltr'>ἱστορία.</span> 
     </span>
     <span class='ocr_line' id='line_1_21' title="bbox 347 3831 1553 3920; baseline 0.002 -21"><span class='ocrx_word' id='word_1_169' title='bbox 347 3836 397 3917; x_wconf 79' lang='lat'>(2)</span> <span class='ocrx_word' id='word_1_170' title='bbox 418 3835 548 3919; x_wconf 84' lang='grc' dir='ltr'>Σελάχια</span> <span class='ocrx_word' id='word_1_171' title='bbox 564 3834 615 3915; x_wconf 82' lang='grc' dir='ltr'>μὲν</span> <span class='ocrx_word' id='word_1_172' title='bbox 631 3831 681 3896; x_wconf 82' lang='grc' dir='ltr'>οὖν</span> <span class='ocrx_word' id='word_1_173' title='bbox 696 3832 809 3916; x_wconf 80' lang='grc' dir='ltr'>λέγεται</span> <span class='ocrx_word' id='word_1_174' title='bbox 824 3832 879 3897; x_wconf 88' lang='grc' dir='ltr'>όσα</span> <span class='ocrx_word' id='word_1_175' title='bbox 898 3834 1016 3902; x_wconf 81' lang='grc' dir='ltr'>λεπίδος</span> <span class='ocrx_word' id='word_1_176' title='bbox 1037 3834 1091 3897; x_wconf 80' lang='grc' dir='ltr'>οὐκ</span> <span class='ocrx_word' id='word_1_177' title='bbox 1111 3832 1174 3920; x_wconf 82' lang='grc' dir='ltr'>ἔχει</span> <span class='ocrx_word' id='word_1_178' title='bbox 1196 3838 1253 3898; x_wconf 90' lang='grc' dir='ltr'>τῶν</span> <span class='ocrx_word' id='word_1_179' title='bbox 1277 3834 1427 3919; x_wconf 83' lang='grc' dir='ltr'>ἰχθυδίων,</span> <span class='ocrx_word' id='word_1_180' title='bbox 1449 3835 1509 3899; x_wconf 87' lang='grc' dir='ltr'>οίον</span> <span class='ocrx_word' id='word_1_181' title='bbox 1520 3843 1553 3901; x_wconf 88' lang='grc'>18</span> 
     </span>
    </p>
   </div>
   <div class='ocr_carea' id='block_1_7' title="bbox 264 3937 1739 4023">
    <p class='ocr_par' dir='ltr' id='par_1_8' title="bbox 264 3937 1739 4023">
     <span class='ocr_line' id='line_1_22' title="bbox 264 3937 1739 4023; baseline 0.001 -23"><span class='ocrx_word' id='word_1_182' title='bbox 264 3938 384 4023; x_wconf 90' lang='grc' dir='ltr'>μόραινα</span> <span class='ocrx_word' id='word_1_183' title='bbox 405 3937 524 4021; x_wconf 84' lang='grc' dir='ltr'>γόγγρος</span> <span class='ocrx_word' id='word_1_184' title='bbox 547 3938 637 4019; x_wconf 89' lang='grc' dir='ltr'>νάρκη</span> <span class='ocrx_word' id='word_1_185' title='bbox 660 3939 770 4020; x_wconf 86' lang='grc' dir='ltr'>τρυγὼν</span> <span class='ocrx_word' id='word_1_186' title='bbox 793 3937 862 4021; x_wconf 78' lang='grc' dir='ltr'>βοῦς</span> <span class='ocrx_word' id='word_1_187' title='bbox 882 3937 987 4020; x_wconf 83' lang='grc' dir='ltr'>γαλεὸς</span> <span class='ocrx_word' id='word_1_188' title='bbox 1008 3938 1056 4001; x_wconf 86' lang='grc' dir='ltr'>καί</span> <span class='ocrx_word' id='word_1_189' title='bbox 1078 3937 1114 4000; x_wconf 80' lang='grc' dir='ltr'>τὰ</span> <span class='ocrx_word' id='word_1_190' title='bbox 1136 3938 1251 4020; x_wconf 74' lang='grc' dir='ltr'>μείζονα</span> <span class='ocrx_word' id='word_1_191' title='bbox 1273 3940 1306 4002; x_wconf 79' lang='grc' dir='ltr'>δὲ</span> <span class='ocrx_word' id='word_1_192' title='bbox 1327 3937 1435 4002; x_wconf 90' lang='grc' dir='ltr'>τοότων</span> <span class='ocrx_word' id='word_1_193' title='bbox 1462 3939 1510 4003; x_wconf 83' lang='grc' dir='ltr'>καὶ</span> <span class='ocrx_word' id='word_1_194' title='bbox 1615 3996 1618 4001; x_wconf 88' lang='grc'>.</span> <span class='ocrx_word' id='word_1_195' title='bbox 1728 3944 1739 3965; x_wconf 88' lang='grc'>·“</span> 
     </span>
    </p>
   </div>
   <div class='ocr_carea' id='block_1_8' title="bbox 205 4155 1563 4408">
    <p class='ocr_par' dir='ltr' id='par_1_9' title="bbox 205 4155 1563 4408">
     <span class='ocr_line' id='line_1_23' title="bbox 279 4155 1562 4231; baseline 0.001 -19"><span class='ocrx_word' id='word_1_196' title='bbox 279 4160 311 4212; x_wconf 73' lang='grc' dir='ltr'>θλ</span> <span class='ocrx_word' id='word_1_197' title='bbox 335 4159 391 4212; x_wconf 80' lang='grc' dir='ltr'>Αολ</span> <span class='ocrx_word' id='word_1_198' title='bbox 404 4159 436 4211; x_wconf 79' lang='lat' dir='ltr'>do</span> <span class='ocrx_word' id='word_1_199' title='bbox 454 4165 507 4209; x_wconf 75' lang='lat' dir='ltr'>nat.</span> <span class='ocrx_word' id='word_1_200' title='bbox 521 4157 601 4209; x_wconf 80' lang='lat' dir='ltr'><strong>anim.</strong></span> <span class='ocrx_word' id='word_1_201' title='bbox 614 4157 652 4210; x_wconf 86' lang='lat' dir='ltr'>XI</span> <span class='ocrx_word' id='word_1_202' title='bbox 666 4156 698 4209; x_wconf 78' lang='lat'>37</span> <span class='ocrx_word' id='word_1_203' title='bbox 721 4174 747 4225; x_wconf 82' lang='lat' dir='ltr'>p.</span> <span class='ocrx_word' id='word_1_204' title='bbox 763 4155 861 4222; x_wconf 72' lang='lat'>289,1‘2</span> <span class='ocrx_word' id='word_1_205' title='bbox 880 4157 992 4211; x_wconf 82' lang='lat' dir='ltr'>Hercher</span> <span class='ocrx_word' id='word_1_206' title='bbox 1013 4159 1125 4212; x_wconf 80' lang='grc' dir='ltr'>καλεῖται</span> <span class='ocrx_word' id='word_1_207' title='bbox 1146 4159 1172 4212; x_wconf 75' lang='grc' dir='ltr'>δὲ</span> <span class='ocrx_word' id='word_1_208' title='bbox 1194 4159 1297 4231; x_wconf 84' lang='grc' dir='ltr'>σελάχια</span> <span class='ocrx_word' id='word_1_209' title='bbox 1317 4158 1362 4212; x_wconf 84' lang='grc' dir='ltr'>ὅσα</span> <span class='ocrx_word' id='word_1_210' title='bbox 1382 4157 1430 4212; x_wconf 84' lang='grc' dir='ltr'>οδιι</span> <span class='ocrx_word' id='word_1_211' title='bbox 1451 4158 1503 4231; x_wconf 68' lang='grc' dir='ltr'>ἔχει</span> <span class='ocrx_word' id='word_1_212' title='bbox 1524 4158 1562 4213; x_wconf 85' lang='grc' dir='ltr'>λι·</span> 
     </span>
     <span class='ocr_line' id='line_1_24' title="bbox 205 4243 1563 4317; baseline 0 -16"><span class='ocrx_word' id='word_1_213' title='bbox 205 4249 292 4306; x_wconf 84' lang='grc' dir='ltr'>πίδας·</span> <span class='ocrx_word' id='word_1_214' title='bbox 315 4247 351 4317; x_wconf 79' lang='grc' dir='ltr'>εἴη</span> <span class='ocrx_word' id='word_1_215' title='bbox 371 4245 389 4299; x_wconf 78' lang='grc' dir='ltr'>δ’</span> <span class='ocrx_word' id='word_1_216' title='bbox 405 4245 435 4299; x_wconf 76' lang='grc' dir='ltr'>ἂν</span> <span class='ocrx_word' id='word_1_217' title='bbox 453 4245 559 4314; x_wconf 83' lang='grc' dir='ltr'>μόραινα</span> <span class='ocrx_word' id='word_1_218' title='bbox 577 4243 679 4313; x_wconf 82' lang='grc' dir='ltr'>γόγγρος</span> <span class='ocrx_word' id='word_1_219' title='bbox 691 4246 769 4314; x_wconf 80' lang='grc' dir='ltr'>νάρκη</span> <span class='ocrx_word' id='word_1_220' title='bbox 783 4244 880 4314; x_wconf 86' lang='grc' dir='ltr'>τρυγὼν</span> <span class='ocrx_word' id='word_1_221' title='bbox 900 4245 958 4314; x_wconf 83' lang='grc' dir='ltr'>βοῦς</span> <span class='ocrx_word' id='word_1_222' title='bbox 975 4245 1061 4314; x_wconf 86' lang='grc' dir='ltr'>γαλεός</span> <span class='ocrx_word' id='word_1_223' title='bbox 1079 4262 1093 4289; x_wconf 68' lang='grc' dir='ltr'>ν</span> <span class='ocrx_word' id='word_1_224' title='bbox 1114 4261 1128 4288; x_wconf 68' lang='grc' dir='ltr'>ν</span> <span class='ocrx_word' id='word_1_225' title='bbox 1148 4245 1231 4316; x_wconf 84' lang='grc' dir='ltr'>διλφλς</span> <span class='ocrx_word' id='word_1_226' title='bbox 1249 4246 1354 4316; x_wconf 86' lang='grc' dir='ltr'>φάλαινα</span> <span class='ocrx_word' id='word_1_227' title='bbox 1370 4247 1456 4317; x_wconf 83' lang='grc' dir='ltr'>φώκη.</span> <span class='ocrx_word' id='word_1_228' title='bbox 1484 4251 1563 4301; x_wconf 82' lang='grc' dir='ltr'>ταῦτα</span> 
     </span>
     <span class='ocr_line' id='line_1_25' title="bbox 205 4331 1563 4408; baseline -0.001 -18"><span class='ocrx_word' id='word_1_229' title='bbox 205 4337 233 4390; x_wconf 78' lang='grc' dir='ltr'>δὲ</span> <span class='ocrx_word' id='word_1_230' title='bbox 254 4336 302 4408; x_wconf 80' lang='grc' dir='ltr'>ἄρα</span> <span class='ocrx_word' id='word_1_231' title='bbox 314 4334 379 4404; x_wconf 85' lang='grc' dir='ltr'>μόνα</span> <span class='ocrx_word' id='word_1_232' title='bbox 389 4340 442 4387; x_wconf 89' lang='grc' dir='ltr'>τῶν</span> <span class='ocrx_word' id='word_1_233' title='bbox 460 4331 567 4404; x_wconf 83' lang='grc' dir='ltr'>ἐνόδρων</span> <span class='ocrx_word' id='word_1_234' title='bbox 586 4332 713 4402; x_wconf 75' lang='grc' dir='ltr'>ζῳοτοκεῖ.</span> <span class='ocrx_word' id='word_1_235' title='bbox 742 4333 774 4385; x_wconf 81' lang='lat' dir='ltr'>cf.</span> <span class='ocrx_word' id='word_1_236' title='bbox 788 4332 866 4385; x_wconf 81' lang='lat' dir='ltr'>Arist.</span> <span class='ocrx_word' id='word_1_237' title='bbox 879 4334 940 4386; x_wconf 83' lang='lat' dir='ltr'><strong>hist.</strong></span> <span class='ocrx_word' id='word_1_238' title='bbox 954 4334 1034 4386; x_wconf 82' lang='lat' dir='ltr'><strong>anim.</strong></span> <span class='ocrx_word' id='word_1_239' title='bbox 1049 4331 1070 4387; x_wconf 84' lang='grc' dir='ltr'>Α</span> <span class='ocrx_word' id='word_1_240' title='bbox 1083 4333 1100 4387; x_wconf 88' lang='grc'>5</span> <span class='ocrx_word' id='word_1_241' title='bbox 1119 4349 1144 4401; x_wconf 88' lang='grc' dir='ltr'>ρ.</span> <span class='ocrx_word' id='word_1_242' title='bbox 1156 4333 1399 4388; x_wconf 71' lang='lat' dir='ltr'><strong>489235-489b6</strong></span> <span class='ocrx_word' id='word_1_243' title='bbox 1416 4339 1442 4387; x_wconf 82' lang='lat' dir='ltr'>et</span> <span class='ocrx_word' id='word_1_244' title='bbox 1453 4334 1563 4389; x_wconf 74' lang='lat' dir='ltr'>490b12</span> 
     </span>
    </p>
   </div>
   <div class='ocr_carea' id='block_1_9' title="bbox 470 4465 609 4473">
    <p class='ocr_par' dir='ltr' id='par_1_10' title="bbox 470 4465 609 4473">
     <span class='ocr_line' id='line_1_26' title="bbox 470 4465 609 4473; baseline -0.014 0"><span class='ocrx_word' id='word_1_245' title='bbox 470 4465 609 4473; x_wconf 74' lang='lat'>-——-—--</span> 
     </span>
    </p>
   </div>
   <div class='ocr_carea' id='block_1_10' title="bbox 207 4538 1564 5051">
    <p class='ocr_par' dir='ltr' id='par_1_11' title="bbox 207 4538 1564 4964">
     <span class='ocr_line' id='line_1_27' title="bbox 207 4538 1564 4609; baseline 0.001 -14"><span class='ocrx_word' id='word_1_246' title='bbox 207 4544 223 4595; x_wconf 76' lang='grc' dir='ltr'><strong><em>Ἰ</em></strong></span> <span class='ocrx_word' id='word_1_247' title='bbox 244 4541 328 4595; x_wconf 86' lang='grc' dir='ltr'>Ζῶιον</span> <span class='ocrx_word' id='word_1_248' title='bbox 340 4543 420 4595; x_wconf 82' lang='lat' dir='ltr'><strong>Rose:</strong></span> <span class='ocrx_word' id='word_1_249' title='bbox 438 4538 529 4594; x_wconf 85' lang='grc' dir='ltr'>Ὴῶων</span> <span class='ocrx_word' id='word_1_250' title='bbox 547 4542 625 4609; x_wconf 80' lang='lat' dir='ltr'>culpa</span> <span class='ocrx_word' id='word_1_251' title='bbox 640 4541 840 4595; x_wconf 81' lang='lat' dir='ltr'>rubricatorisP</span> <span class='ocrx_word' id='word_1_252' title='bbox 912 4541 928 4593; x_wconf 88' lang='grc'><strong>9</strong></span> <span class='ocrx_word' id='word_1_253' title='bbox 946 4539 1006 4601; x_wconf 77' lang='grc' dir='ltr'>ἄναξ</span> <span class='ocrx_word' id='word_1_254' title='bbox 1022 4557 1055 4594; x_wconf 77' lang='grc' dir='ltr'>επ</span> <span class='ocrx_word' id='word_1_255' title='bbox 1072 4540 1139 4602; x_wconf 83' lang='grc' dir='ltr'>ῶναξ</span> <span class='ocrx_word' id='word_1_256' title='bbox 1158 4544 1268 4596; x_wconf 83' lang='lat' dir='ltr'><strong>correxit</strong></span> <span class='ocrx_word' id='word_1_257' title='bbox 1280 4544 1311 4596; x_wconf 93' lang='lat' dir='ltr'>P¹</span> <span class='ocrx_word' id='word_1_258' title='bbox 1385 4546 1414 4597; x_wconf 91' lang='lat' dir='ltr'>ll</span> <span class='ocrx_word' id='word_1_259' title='bbox 1434 4540 1456 4596; x_wconf 85' lang='grc' dir='ltr'>Α</span> <span class='ocrx_word' id='word_1_260' title='bbox 1474 4542 1564 4596; x_wconf 75' lang='lat' dir='ltr'>addidi</span> 
     </span>
     <span class='ocr_line' id='line_1_28' title="bbox 209 4627 1562 4703; baseline -0.001 -19"><span class='ocrx_word' id='word_1_261' title='bbox 209 4630 242 4684; x_wconf 84' lang='lat'>13</span> <span class='ocrx_word' id='word_1_262' title='bbox 260 4631 314 4683; x_wconf 86' lang='grc' dir='ltr'>τίνα</span> <span class='ocrx_word' id='word_1_263' title='bbox 326 4630 407 4682; x_wconf 82' lang='lat' dir='ltr'>Rose:</span> <span class='ocrx_word' id='word_1_264' title='bbox 424 4629 502 4682; x_wconf 86' lang='grc' dir='ltr'>τίνιΡ</span> <span class='ocrx_word' id='word_1_265' title='bbox 578 4627 608 4681; x_wconf 85' lang='grc'>15</span> <span class='ocrx_word' id='word_1_266' title='bbox 626 4628 788 4699; x_wconf 84' lang='grc' dir='ltr'>χαυλιόδοντοι</span> <span class='ocrx_word' id='word_1_267' title='bbox 801 4630 883 4683; x_wconf 67' lang='lat' dir='ltr'>Rosa:</span> <span class='ocrx_word' id='word_1_268' title='bbox 900 4627 1078 4698; x_wconf 85' lang='grc' dir='ltr'>χαλιόδονταΡ</span> <span class='ocrx_word' id='word_1_269' title='bbox 1154 4630 1185 4682; x_wconf 81' lang='grc' dir='ltr'>Π</span> <span class='ocrx_word' id='word_1_270' title='bbox 1204 4631 1310 4703; x_wconf 88' lang='grc' dir='ltr'>μῶνυχα</span> <span class='ocrx_word' id='word_1_271' title='bbox 1322 4633 1402 4686; x_wconf 69' lang='lat' dir='ltr'>Rosa:</span> <span class='ocrx_word' id='word_1_272' title='bbox 1421 4631 1562 4702; x_wconf 85' lang='grc' dir='ltr'>μόννυχαΡ</span> 
     </span>
     <span class='ocr_line' id='line_1_29' title="bbox 210 4716 1456 4789; baseline 0.001 -18"><span class='ocrx_word' id='word_1_273' title='bbox 210 4719 243 4771; x_wconf 90' lang='grc'>18</span> <span class='ocrx_word' id='word_1_274' title='bbox 267 4716 403 4788; x_wconf 82' lang='grc' dir='ltr'>πολυσχιδῆ</span> <span class='ocrx_word' id='word_1_275' title='bbox 422 4717 501 4770; x_wconf 87' lang='lat' dir='ltr'>Rose:</span> <span class='ocrx_word' id='word_1_276' title='bbox 525 4716 665 4786; x_wconf 80' lang='grc' dir='ltr'>πολυσχεδῐγ</span> <span class='ocrx_word' id='word_1_277' title='bbox 684 4723 833 4771; x_wconf 77' lang='lat' dir='ltr'>constanter</span> <span class='ocrx_word' id='word_1_278' title='bbox 850 4718 870 4769; x_wconf 90' lang='lat' dir='ltr'><strong>P</strong></span> <span class='ocrx_word' id='word_1_279' title='bbox 981 4716 1134 4787; x_wconf 82' lang='grc' dir='ltr'>κολιόπτερα</span> <span class='ocrx_word' id='word_1_280' title='bbox 1154 4718 1233 4772; x_wconf 82' lang='lat' dir='ltr'><strong>Rose:</strong></span> <span class='ocrx_word' id='word_1_281' title='bbox 1257 4718 1419 4789; x_wconf 87' lang='grc' dir='ltr'>κολοιόπτιρα</span> <span class='ocrx_word' id='word_1_282' title='bbox 1436 4720 1456 4772; x_wconf 89' lang='grc' dir='ltr'>Ρ</span> 
     </span>
     <span class='ocr_line' id='line_1_30' title="bbox 211 4803 1564 4876; baseline 0.001 -19"><span class='ocrx_word' id='word_1_283' title='bbox 211 4805 242 4857; x_wconf 82' lang='grc'>19</span> <span class='ocrx_word' id='word_1_284' title='bbox 261 4804 419 4874; x_wconf 83' lang='grc' dir='ltr'>γαμψώνυχα</span> <span class='ocrx_word' id='word_1_285' title='bbox 438 4820 470 4857; x_wconf 87' lang='lat' dir='ltr'>ex</span> <span class='ocrx_word' id='word_1_286' title='bbox 489 4803 638 4875; x_wconf 75' lang='grc' dir='ltr'>γαμψόνυχα</span> <span class='ocrx_word' id='word_1_287' title='bbox 656 4810 685 4856; x_wconf 91' lang='lat' dir='ltr'>ut</span> <span class='ocrx_word' id='word_1_288' title='bbox 703 4805 805 4858; x_wconf 79' lang='lat' dir='ltr'>videtur</span> <span class='ocrx_word' id='word_1_289' title='bbox 817 4806 849 4858; x_wconf 89' lang='lat' dir='ltr'>P¹</span> <span class='ocrx_word' id='word_1_290' title='bbox 944 4804 979 4856; x_wconf 71' lang='lat'>20</span> <span class='ocrx_word' id='word_1_291' title='bbox 996 4806 1095 4876; x_wconf 81' lang='grc' dir='ltr'>γένηται</span> <span class='ocrx_word' id='word_1_292' title='bbox 1112 4806 1146 4858; x_wconf 93' lang='lat' dir='ltr'>P:</span> <span class='ocrx_word' id='word_1_293' title='bbox 1169 4806 1295 4876; x_wconf 73' lang='grc' dir='ltr'>γενήσεται</span> <span class='ocrx_word' id='word_1_294' title='bbox 1314 4807 1381 4860; x_wconf 77' lang='lat' dir='ltr'>Rose</span> <span class='ocrx_word' id='word_1_295' title='bbox 1475 4807 1505 4859; x_wconf 78' lang='lat'>21</span> <span class='ocrx_word' id='word_1_296' title='bbox 1527 4823 1564 4859; x_wconf 87' lang='grc' dir='ltr'>σι-</span> 
     </span>
     <span class='ocr_line' id='line_1_31' title="bbox 207 4891 1022 4964; baseline -0.002 -18"><span class='ocrx_word' id='word_1_297' title='bbox 207 4894 285 4964; x_wconf 80' lang='grc' dir='ltr'>λάχια</span> <span class='ocrx_word' id='word_1_298' title='bbox 302 4894 384 4945; x_wconf 86' lang='lat' dir='ltr'>Rose:</span> <span class='ocrx_word' id='word_1_299' title='bbox 408 4893 516 4963; x_wconf 83' lang='grc' dir='ltr'>σαλάχια</span> <span class='ocrx_word' id='word_1_300' title='bbox 532 4893 552 4946; x_wconf 94' lang='grc' dir='ltr'>Ρ</span> <span class='ocrx_word' id='word_1_301' title='bbox 660 4891 710 4944; x_wconf 87' lang='grc' dir='ltr'>οίον</span> <span class='ocrx_word' id='word_1_302' title='bbox 728 4896 792 4958; x_wconf 84' lang='lat' dir='ltr'>(non</span> <span class='ocrx_word' id='word_1_303' title='bbox 811 4891 859 4957; x_wconf 80' lang='grc' dir='ltr'>οἷα)</span> <span class='ocrx_word' id='word_1_304' title='bbox 878 4893 984 4945; x_wconf 74' lang='lat' dir='ltr'>exhibet</span> <span class='ocrx_word' id='word_1_305' title='bbox 1002 4893 1022 4944; x_wconf 84' lang='lat' dir='ltr'>P</span> 
     </span>
    </p>

    <p class='ocr_par' dir='ltr' id='par_1_12' title="bbox 264 4985 1362 5051">
     <span class='ocr_line' id='line_1_32' title="bbox 264 4985 1362 5051; baseline -0.001 -11"><span class='ocrx_word' id='word_1_306' title='bbox 264 5001 371 5051; x_wconf 72' lang='lat' dir='ltr'><strong>supplem.</strong></span> <span class='ocrx_word' id='word_1_307' title='bbox 385 5001 450 5040; x_wconf 69' lang='lat' dir='ltr'>Arist.</span> <span class='ocrx_word' id='word_1_308' title='bbox 460 5002 490 5041; x_wconf 90' lang='lat' dir='ltr'>ll</span> <span class='ocrx_word' id='word_1_309' title='bbox 507 5001 615 5051; x_wconf 75' lang='grc' dir='ltr'>Αιλοιορδ.</span> <span class='ocrx_word' id='word_1_310' title='bbox 631 4999 687 5050; x_wconf 74' lang='grc' dir='ltr'>Ερίι.</span> <span class='ocrx_word' id='word_1_311' title='bbox 1345 4985 1362 5046; x_wconf 88' lang='lat' dir='ltr'>l</span> 
     </span>
    </p>
   </div>
   <div class='ocr_carea' id='block_1_11' title="bbox 0 0 1799 5610">
    <p class='ocr_par' dir='ltr' id='par_1_13' title="bbox 0 0 1799 5610">
     <span class='ocr_line' id='line_1_33' title="bbox 0 0 1799 5610; baseline 0 0"><span class='ocrx_word' id='word_1_312' title='bbox 0 0 1799 5610; x_wconf 95' lang='lat' dir='ltr'> </span> 
     </span>
    </p>
   </div>
  </div>
 </body>
</html>
