3510 5610
384 284 635 339 ARISTOPHANIS
654 286 837 339 HISTORIAE
858 288 1048 341 iiNiiiALiUii
1068 290 1215 344 EPITOME
1236 292 1257 343 11
1277 291 1389 345 73-79
1528 297 1569 362 55

266 455 325 540 ἔχει
347 459 434 537 ὅμοια
458 459 554 533 ύείοις,
577 461 693 542 μεγέθει
718 460 900 544 διαφέροντα,
923 465 1016 545 χολήν
1039 464 1071 525 δὲ
1093 464 1146 526 οὐκ
1168 462 1230 549 ἔχει
1253 468 1324 549 πρὸς
1346 474 1388 552 τῷ
1414 470 1513 551 ἥπατι,

266 560 337 622 ἀλλά
360 561 431 642 πρὸς
452 565 495 644 τῳ
519 560 635 645 ἐντέρῳ.
722 562 755 643 (7
780 564 794 644 )
819 562 940 648 ἄρχεται
963 566 995 627 δὲ
1017 571 1068 644 τῆς
1092 567 1192 651 ὀχείας
1214 569 1229 629 6
1254 569 1305 647 μὲν
1329 569 1420 653 ἄρρην
1442 570 1515 631 ἐτῶν

266 660 414 742 γενόμενος
437 662 530 736 πέντε,
552 666 571 746 ἡ
594 665 626 725 δὲ
649 665 753 747 θήλεια
776 665 855 728 δέκα.
894 666 923 728 ἐν
947 667 1054 750 ἑτέροις
1075 669 1106 730 δέ
1128 671 1309 753 ἀντιγράφοις
1332 673 1512 754 εὑρίσκομεν,

267 767 305 832 ὡς
327 763 448 848 ἄρχεται
471 766 522 846 μὲν
545 766 686 849 ήθήλεια
709 767 867 852 ὀχεύεσθαι
887 769 935 831 καί
952 771 967 830 6
984 769 1073 853 ἄρρην
1096 771 1249 855 ἐπιβαίνειν
1266 773 1340 836 ἐτῶν
1362 773 1514 856 γενόμενος

243 866 379 929 οείκοσιν.
424 868 522 952 ὀχεύει
546 869 577 930 δὲ
600 871 817 955 συγκαθισάσης
839 876 891 954 τῆς
914 872 1047 954 θηλείας·
1083 875 1098 934 6
1121 873 1211 958 ἄρρην
1234 875 1288 959 γάρ
1312 877 1459 961 ἐπιβαίνει.

263 969 332 1052 (75)
359 971 421 1033 κύει
444 972 476 1032 δὲ
499 968 549 1054 ἔτη
573 971 638 1033 δύο·
672 974 699 1033 οί
723 973 754 1034 δὲ
778 978 869 1055 μῆνας
895 975 1052 1036 δεκαοκτώ.
1149 976 1221 1058 (70)
1250 978 1336 1041 τίκτει
1359 980 1392 1041 δέ
1413 980 1512 1061 ήλίκον

231 1090 233 1099 ·
264 1071 369 1156 μόσχῳ
391 1072 556 1157 ἐνιαυσιαίῳ
579 1073 623 1148 έν,
651 1075 699 1136 καί
722 1074 834 1144 εὐθέως
857 1077 995 1160 ἐκτεχθὲν
1020 1078 1140 1160 θηλάζει
1162 1085 1204 1162 τῷ
1228 1080 1362 1162 στόματι,
1391 1080 1455 1144 ἀλλ’
1476 1081 1510 1143 ού

263 1180 299 1257 ιγ]
322 1175 499 1259 προβοσκίδι,
522 1174 634 1244 εύθέως
656 1177 688 1240 δὲ
711 1178 819 1261 βαδίζει
840 1179 873 1239 τδ
896 1181 1071 1260 γεννώμενον
1095 1182 1141 1243 καί
1165 1181 1274 1266 βλέπει.
1356 1183 1429 1265 (77)
1450 1181 1511 1246 ἔστι

264 1279 294 1339 δὲ
321 1280 337 1340 6
368 1279 419 1360 μὲν
447 1277 536 1360 ἄρρην
564 1278 758 1363 ἀνδρειότερος
784 1286 835 1363 τῆς
864 1281 991 1365 θηλείας.
1043 1285 1187 1367 μάχονται
1215 1284 1246 1345 δὲ
1272 1284 1343 1364 πρός
1369 1286 1513 1369 ἀλλήλους

230 1397 253 1439 ιο
264 1381 415 1449 τύπτοντες
436 1385 496 1448 τοῖς
519 1381 627 1453 ὀδοῦσι,
650 1381 697 1443 καλ
721 1382 736 1443 6
760 1383 895 1464 ἡττηθεὶς
918 1383 965 1445 ἐπὶ
987 1390 1123 1448 τοσοῦτον
1146 1386 1305 1464 δουλοῦται,
1331 1387 1406 1450 ὥστε
1429 1388 1512 1450 ἀκού·

264 1487 352 1547 σαντά
367 1506 437 1546 ποτε
460 1489 512 1565 τῆς
534 1488 634 1566 φωνῆς
650 1488 699 1545 τοῦ
719 1487 887 1567 νικήσαντος
910 1485 913 1570 i
935 1487 1058 1569 φεύγειν.
1095 1488 1269 1572 καταβάλλει
1292 1488 1323 1551 δὲ
1345 1493 1429 1551 τοῦτο
1449 1491 1481 1552 τδ
1494 1510 1508 1548 r.
1516 1504 1567 1549 κιαι

265 1591 338 1671 (qimi
361 1589 409 1649 καὶ
432 1586 497 1654 τοῦς
519 1587 648 1669 τοίχους,
675 1586 741 1654 τοῦς
766 1587 885 1656 ὀδόντας
911 1589 1088 1673 ύποβάλλον·
1124 1589 1171 1650 καί
1193 1591 1322 1671 φοίνικας
1344 1593 1375 1653 δὲ
1398 1593 1510 1654 τύπτων

262 1696 302 1772 τῷ
332 1693 460 1771 μετώπῳ
485 1690 585 1751 κλίνει·
621 1690 745 1770 μάλιστα
771 1690 804 1751 δὲ
829 1695 918 1753 ταῦτα
946 1694 1062 1773 πράττει
1090 1691 1157 1753 ὅταν
1180 1695 1287 1775 καπρηῖ.
1396 1691 1456 1757 ἔστι
1479 1696 1511 1756 is

262 1799 318 1854 τῶν
345 1790 478 1859 εὐκόπως
503 1791 736 1873 τιθασευομένων
764 1793 819 1854 ὑπὸ
846 1794 1009 1876 ἀνθρώπων
1033 1794 1080 1856 καί
1107 1794 1342 1878 πειθαρχούντων
1369 1797 1410 1863 είς
1436 1798 1510 1858 διδα-

227 1895 388 1957 ιοσκαλίαν.
489 1894 559 1975 (78)
586 1891 645 1993 ἔστι
669 1895 701 1956 δέ
723 1896 754 1955 τὸ
778 1899 855 1975 ζῷον
881 1901 965 1981 τοῦτο
992 1897 1176 1979 καρποφάγον
1203 1897 1250 1958 καλ
1276 1900 1435 1982 ποηφάγον.

260 1998 331 2079 (79)
361 2000 432 2060 πίνει
458 1998 490 2060 δὲ
519 1999 594 2080 ῦδωρ
623 1998 758 2080 θολερόν,
786 2000 833 2061 καὶ
861 1999 894 2061 οὐ
921 2000 995 2061 πίνει
1021 1998 1072 2061 ἐὰν
1102 2000 1142 2082 μὴ
1169 1997 1306 2082 πρότερον
1330 2002 1508 2084 ἀναταράξη·

211 2254 344 2323 ἳάρχεται
363 2254 388 2304 δὲ
407 2257 452 2322 τῆς
470 2252 566 2322 ὀχείας]
586 2254 665 2305 Arist.
679 2255 740 2305 hist.
752 2255 831 2305 anim.
846 2251 866 2306 E
881 2255 908 2305 14
929 2271 953 2321 p.
966 2256 1056 2308 5466ss
1080 2256 1093 2308 6
1112 2254 1131 2307 δ’
1147 2256 1236 2325 ἐλέφας
1255 2256 1357 2325 ἄρχεται
1370 2258 1415 2324 μὲν
1435 2257 1563 2326 βαίνεσθαι

210 2341 284 2408 ὁμὲν
302 2341 427 2399 νεώτατος
445 2338 496 2392 δέκ’
512 2342 588 2404 ἐτῶν,
612 2340 625 2393 6
647 2341 672 2392 δὲ
691 2340 857 2413 πρεσβύτατος
875 2343 1066 2395 πεντεκαίδεκα·
1092 2343 1105 2395 6
1124 2342 1143 2395 δ’
1160 2345 1237 2413 ἄρρην
1257 2345 1333 2412 βαίνει
1352 2346 1471 2415 πεντέτης
1490 2345 1561 2417 iuvi,

209 2427 290 2498 ἑξέτης
379 2427 396 2479 3
415 2429 440 2480 ἐν
459 2427 562 2497 ἑτέροις]
581 2429 661 2480 Arist.
679 2429 695 2480 1.
709 2445 730 2481 c.
744 2427 766 2480 Z
780 2428 812 2479 77
830 2445 855 2495 p.
866 2429 973 2481 578217
996 2430 1008 2482 6
1027 2430 1046 2482 δ’
1062 2431 1151 2499 ἐλέφας
1170 2430 1253 2499 ὀχεύει
1271 2432 1315 2482 καί
1327 2431 1442 2500 ὀχεύεται
1462 2439 1561 2500 πρῶτον

209 2516 298 2569 εἴκοσιν
316 2518 382 2567 ἐτῶν
486 2516 501 2568 5
521 2515 613 2585 ὀχεύει]
635 2519 714 2569 Arist.
731 2518 748 2569 1.
762 2534 784 2568 c.
798 2514 847 2568 82
866 2533 891 2583 p.
905 2516 1010 2569 5401121
1031 2517 1146 2587 ὀχεύεται
1164 2516 1214 2586 δή
1234 2518 1279 2585 μὲν
1298 2517 1385 2587 θήλεια
1404 2520 1562 2587 συγκαθιεῖσα

208 2607 248 2656 καί
266 2603 437 2671 διαβαίνουσα,
460 2602 473 2655 6
491 2602 510 2654 δ’
527 2603 604 2673 ἄρρην
627 2604 797 2673 έπαναβαίνων
817 2602 898 2672 ὀχεύει
1040 2606 1054 2656 ῦ
1080 2604 1148 2672 κύει]
1167 2606 1247 2656 Arist.
1265 2605 1282 2656 1.
1295 2622 1317 2658 c.
1331 2603 1352 2657 E
1366 2607 1395 2657 14
1414 2622 1439 2673 p.
1452 2605 1559 2659 546bll

207 2692 259 2743 κύει
277 2690 297 2743 δ’
312 2691 356 2760 ἔτη
376 2689 433 2754 δύο,
453 2690 531 2742 τίκτει
549 2690 568 2742 δ’
584 2691 622 2742 ἐν·
648 2691 699 2743 ἐστι
716 2693 762 2763 γάρ
781 2692 930 2759 μονοτόκον·
956 2691 983 2743 τῦ
1002 2692 1021 2742 δ’
1037 2692 1144 2761 ἔμβρυον
1163 2693 1254 2760 γίνεται
1272 2691 1328 2744 ὅσον
1347 2693 1441 2762 μόσχος
1460 2693 1561 2764 δίμηνος

207 2780 221 2850 ᾖ
241 2782 358 2850 τρίμηνος
476 2779 499 2829 οί
517 2777 555 2845 δὲ]
575 2779 654 2830 Arist.
672 2779 688 2829 1.
701 2795 723 2830 e.
736 2777 758 2830 Z
772 2778 805 2830 27
824 2796 849 2846 p.
864 2779 971 2831 578218
994 2780 1010 2848 ή
1028 2778 1117 2849 θήλεια
1136 2781 1204 2849 φέρει
1223 2781 1248 2831 ἐν
1266 2780 1360 2851 γαστρί,
1380 2779 1414 2837 ώς
1433 2783 1479 2847 μέν
1497 2785 1561 2841 τινές

206 2884 284 2936 φασιν,
302 2867 414 2919 ἐνιαυτὸν
431 2867 474 2918 καί
487 2865 512 2926 ἐξ
525 2871 614 2935 μῆνας,
632 2864 668 2922 ὡς
680 2865 699 2917 δ’
712 2865 798 2935 ἕτεροι,
812 2865 859 2935 τρί’
871 2866 924 2936 ἔτη.
949 2866 982 2918 ci.
996 2867 1052 2918 sel.
1062 2872 1116 2919 nat.
1127 2868 1205 2928 anim.
1216 2868 1249 2919 lv
1260 2867 1292 2919 31
1311 2871 1347 2935 (p.
1358 2867 1440 2931 ⁹334
1454 2870 1557 2934 Hereh.)

206 2954 273 3007 κύειν
291 2955 316 3007 δὲ
336 2952 491 3021 πυνθάνομαι
509 2952 553 3005 δύο
572 2954 636 3006 ἐτῶν
655 2953 698 3006 τὸν
717 2952 848 3023 ἐλέφαντα,
866 2955 888 3005 οί
904 2953 929 3006 δὲ
943 2953 971 3006 ού
990 2959 1107 3006 τοσοῦτον
1126 2955 1224 3024 χρόνον,
1242 2953 1306 3005 ἀλλά
1316 2954 1492 3007 ὀκτωκαίδεκα
1511 2975 1558 3027 μη-

204 3048 254 3093 νῶν
273 3041 447 3111 ὁμολογοῦσιν·
468 3041 596 3093 ἀποτίκτει
614 3041 639 3092 δὲ
660 3040 760 3110 ίσήλικα
771 3040 800 3092 τὸ
812 3041 916 3108 μέγεθος
929 3041 1017 3110 μόσχῳ
1037 3042 1176 3110 ἐναυσιαίῳ,
1195 3045 1245 3110 σπᾷ
1257 3041 1283 3093 δὲ
1296 3046 1341 3111 τῆς
1358 3039 1440 3112 θηλῆς
1454 3050 1490 3112 τῷ
1504 3045 1558 3096 στό-

205 3149 263 3197 ματι
353 3128 452 3198 ἡλίκον]
470 3129 551 3180 Arist.
561 3144 648 3196 gener.
658 3125 792 3181 animM
809 3146 834 3196 p.
846 3128 936 3181 77365
955 3129 990 3181 διδ
1010 3130 1052 3180 καὶ
1070 3129 1098 3180 τὸ
1116 3135 1168 3180 τῶν
1186 3128 1329 3196 ἐλεφάντων
1347 3129 1454 3198 ἔμβρυον
1472 3130 1560 3200 ήλίκον
1630 3116 1632 3119 ⁸

203 3218 296 3286 μόσχος
315 3217 380 3269 ἐστίν
487 3216 501 3267 7
521 3217 564 3267 καί
582 3214 676 3273 εύθέως
695 3213 827 3286 ἐκτεχθέν]
847 3216 927 3268 Arist.
940 3217 999 3268 hist.
1013 3218 1092 3268 anim.
1107 3214 1129 3268 Z
1143 3216 1175 3267 ri
1198 3233 1224 3284 p.
1237 3215 1345 3268 5782‘22
1372 3215 1385 3267 6
1404 3216 1430 3268 δὲ
1449 3217 1558 3285 σκύμνος

203 3303 260 3356 ύταν
279 3305 389 3374 γένηται,
407 3303 510 3374 θηλάζει
528 3306 564 3373 τῳ
584 3303 687 3371 στόματι
706 3305 748 3355 καὶ
767 3303 795 3355 οῦ
814 3307 850 3372 τῷ
869 3308 987 3376 μυκτῆρι,
1006 3304 1049 3355 καί
1068 3303 1160 3372 βαδίζει
1177 3304 1220 3355 καί
1239 3302 1323 3372 βλέπει
1342 3300 1415 3361 εὐθὺς
1434 3304 1559 3375 γεννηθείς

202 3391 219 3442 8
242 3391 306 3455 ἔστι]
326 3393 405 3442 Arist.
423 3392 439 3441 1.
453 3407 475 3442 c.
489 3388 523 3442 11
544 3408 569 3458 p.
583 3391 691 3442 610220
715 3391 760 3443 είσί
779 3392 863 3458 μέντοι
884 3392 927 3442 καί
946 3391 1075 3448 ἐλάττονες
1096 3391 1121 3442 α1
1140 3389 1237 3461 θήλειαι
1260 3391 1303 3441 καί
1323 3390 1477 3462 ἄψυχότεραι
1496 3392 1558 3444 πολύ

202 3478 218 3529 9
242 3477 378 3548 μάχονται]
401 3479 481 3530 Arist.
501 3478 517 3529 l.
531 3494 553 3529 c.
573 3495 597 3545 p.
611 3477 717 3529 6102215
743 3481 865 3546 μάχονται
888 3478 914 3530 δὲ
937 3479 980 3529 καὶ
1001 3477 1132 3546 ἐλέφαντες
1153 3478 1267 3548 σφοδρῶς
1289 3477 1350 3546 πρὸς
1372 3477 1496 3548 ἀλλήλους
1517 3483 1560 3532 καὶ

201 3565 320 3617 τύπτουσι
338 3573 389 3623 τοῖς
407 3565 491 3617 ὀδοῦσι
509 3570 571 3634 σφᾶς
587 3563 687 3621 αύτούς·
709 3563 722 3616 6
741 3565 766 3616 δέ
785 3564 901 3635 ἡττηθείς
919 3565 1048 3617 δουλοῦται
1067 3566 1174 3634 ἰσχυρῶς
1193 3567 1236 3617 καί
1254 3564 1302 3634 ούχ
1315 3564 1434 3632 ὑπομένει
1450 3567 1497 3636 τήν
1515 3572 1559 3619 τοῦ

201 3654 349 3722 νικήσαντος
367 3654 455 3721 φωνήν
564 3653 593 3704 11
619 3651 780 3720 καταβάλλει]
800 3653 879 3704 Arist.
896 3653 913 3704 1.
927 3668 949 3704 e.
969 3669 993 3718 p.
1007 3652 1110 3703 rimari
1136 3652 1193 3709 τοὺς
1213 3651 1238 3703 δὲ
1257 3652 1356 3720 τοίχους
1375 3652 1558 3722 καταβάλλειδ

192 3740 291 3808 ’ἐλέφας
309 3741 366 3797 τοῦς
384 3739 486 3797 ὀδόντας
504 3739 561 3797 τοῦς
579 3738 699 3807 μεγάλους
717 3738 893 3808 προσβάλλων·
919 3740 976 3796 τοῦς
995 3738 1020 3790 δέ
1039 3740 1151 3806 φοίνικας
1167 3743 1205 3808 τῳ
1224 3739 1349 3808 μετώπῳ,
1368 3738 1415 3798 έως
1434 3739 1464 3791 ἂν
1483 3759 1558 3792 κατα-

202 3827 288 3896 κλίνη,
313 3827 398 3878 ἔπειτα
421 3833 471 3884 τοῖς
493 3833 564 3878 ποσίν
587 3826 721 3894 ἐπιβαίνων
745 3827 884 3878 κατατείνει
907 3826 946 3877 ἐπὶ
969 3829 1014 3894 τής
1038 3830 1083 3894 γῆς
1235 3826 1266 3877 13
1290 3824 1408 3894 μάλιστα]
1430 3827 1487 3880 Aer.
1504 3833 1558 3880 nat.

200 3917 279 3967 anim.
296 3914 371 3965 iV3l
392 3917 428 3981 (p.
440 3914 521 3978 93‚29
539 3914 643 3976 Hersh.)
662 3912 795 3966 ἐνθουσιῶν
815 3913 841 3965 δὲ
860 3914 884 3970 ἐς
902 3911 964 3979 μίξιν
984 3912 1073 3983 οἴστρῳ
1092 3931 1119 3964 τε
1138 3911 1286 3982 φλεγόμενος
1394 3914 1457 3983 ἐστι]
1477 3917 1558 3968 Arist.

200 4005 262 4056 hist.
275 4006 355 4055 anim.
370 3999 404 4053 11
424 4001 567 4068 peior-28
589 4003 687 4069 ταχέως
706 4000 732 4052 δὲ
751 4001 814 4068 μετὰ
832 4004 911 4051 ταῦτα
929 3984 1099 4052 τιθασσεύεταί
1111 4018 1138 4051 τε
1157 4001 1199 4051 καί
1218 4000 1349 4070 πειθαρχεῖ
1444 4000 1475 4054 15
1494 4001 1556 4069 ἔστι]

202 4092 282 4143 Arist.
299 4091 317 4141 l.
330 4105 352 4141 c.
366 4085 415 4141 80
434 4105 459 4155 p.
473 4088 580 4141 595⁸13
604 4089 636 4139 τά
654 4088 679 4139 δὲ
698 4087 830 4157 κερατώδη
853 4092 903 4138 τῶν
926 4087 999 4155 ζῳων
1019 4086 1073 4139 κτλ.
1093 4122 1099 4135 .
1118 4121 1124 4134 ·
1143 4122 1150 4135 ·
1167 4089 1247 4139 πάντα
1266 4087 1416 4157 καρποφάγα
1434 4089 1477 4140 καὶ
1495 4107 1557 4157 ποη·

201 4180 268 4246 φάγοι
384 4175 414 4227 10
438 4175 512 4243 πίνει]
533 4176 588 4228 Αολ
602 4181 655 4227 nat.
667 4177 746 4227 anim.
760 4175 793 4227 IV
808 4174 839 4226 31
861 4177 896 4240 (p.
910 4174 992 4238 9632
1011 4175 1113 4239 Hercir.)
1138 4174 1201 4226 πίνει
1219 4173 1245 4226 δέ
1264 4172 1331 4245 ὕδωρ
1350 4174 1379 4226 οῦ
1398 4175 1482 4234 διειδὲς
1501 4174 1557 4228 οῦδὲ

202 4263 323 4335 καθαρόν,
341 4262 393 4315 ἀλλ’
410 4261 468 4315 όταν
487 4261 638 4332 θποθολώση
657 4281 684 4314 τε
703 4263 747 4314 καί
766 4260 908 4330 ύπυταράξη

203 4507 215 4557 1
236 4504 309 4562 θείοις
328 4505 421 4571 scripsi
440 4521 471 4556 ex
490 4505 582 4556 κλείετε
601 4502 640 4555 δεῖ
656 4505 678 4556 D
773 4505 789 4555 4
809 4503 941 4572 ἐπιβαίνειν
959 4504 1063 4570 scripsi:
1087 4501 1204 4570 ἐπιβαίνει
1222 4503 1243 4554 Ι)
1339 4502 1355 4555 5
1374 4502 1557 4575 συγκαθισάσης

201 4593 306 4659 scripsi:
330 4591 521 4661 συγκαθησάσης
540 4593 561 4643 Ι)
669 4589 722 4641 si
745 4595 790 4641 aut
808 4590 895 4660 ήλίκον
914 4592 1007 4659 μόσχος
1026 4591 1160 4648 ἑναυοιαῖος
1179 4589 1221 4652 (si.
1241 4591 1321 4641 Arist.
1341 4606 1420 4657 ευριπ
1438 4594 1492 4655 eit.)
1511 4598 1558 4644 aut

201 4679 312 4748 1οήλικον
330 4679 419 4748 μόσχῳ
438 4679 472 4730 ἐν.
497 4678 539 4740 (ef.
555 4677 680 4738 Aelianus
697 4677 714 4728 1.
725 4694 746 4728 c.
763 4694 789 4744 p.
799 4677 841 4742 93,
848 4678 881 4729 28
901 4677 1000 4746 ίσήλικα
1013 4677 1040 4728 τὸ
1054 4675 1157 4745 μέγεθος
1176 4678 1265 4747 μόσχῳ
1283 4677 1317 4729 ἐν.
1342 4677 1409 4730 inira
1423 4695 1448 4745 p.
1459 4678 1555 4742 02,18)

201 4767 366 4818 scribendum
386 4770 424 4817 est
561 4763 575 4813 7
601 4765 719 4832 ἐκτεγθὲν
740 4765 843 4831 scripsi:
870 4763 971 4816 ἐκτεθὲν
991 4765 1011 4814 i)
1149 4764 1178 4814 12
1203 4763 1343 4833 ῦποβάλλόν
1366 4767 1470 4833 scripsi:
1497 4765 1556 4818 ύπο-

202 4852 299 4922 βάλλειν
318 4854 340 4905 Ι)
477 4851 506 4902 15
530 4854 658 4921 ποηφάγον
678 4869 709 4904 ex
728 4852 807 4903 Arist.
827 4853 932 4918 scripsi:
959 4852 1133 4920 πωυφάγονΙ)
