3510 5610
639 347 848 403 SOLUTIONES
867 350 914 404 AD
934 350 1113 405 oflosnoru
1514 351 1553 417 87

253 525 303 583 tus
325 519 370 583 ita
392 526 427 583 ut
450 526 481 584 et
503 521 661 605 quandam
683 529 803 607 partem
825 524 954 610 arripiat
976 525 1081 602 nubis,
1116 545 1151 588 00
1178 523 1259 608 quod
1289 546 1349 588 non
1376 531 1504 609 possunt
1521 540 1567 597 575

196 686 202 696 ‚
253 643 272 684 a
292 642 325 684 se
347 620 483 686 inuicem
505 625 667 708 segregari.
712 647 766 710 per
788 627 865 691 hanc
888 627 981 710 igitur
1007 627 1197 691 collisionem
1225 634 1350 690 oueotus
1379 628 1546 712 obliqueeo

249 723 284 787 in
310 731 424 789 terram
457 727 564 806 1011111,
598 737 630 792 01
662 749 740 811 quae
775 737 942 794 mouentur
967 732 1006 794 ab
1034 752 1068 794 00
1095 736 1279 793 conuertens
1311 729 1344 792 in
1373 730 1505 795 circuitu

253 833 369 890 mouet.
414 834 575 912 propteroa
602 830 697 894 etiarn
722 852 814 915 saepe
841 839 1025 897 conuertens
1052 833 1204 916 quaedam
1231 852 1337 896 eorum
1365 854 1444 916 quae
1472 835 1504 897 in

224 937 334 993 eterra
356 952 411 994 seu
433 930 466 994 in
490 932 568 995 mari
590 939 663 996 sunt
686 932 718 995 in
742 934 840 997 altum
862 935 1015 1016 subleuat,
1039 936 1157 999 exitum
1178 955 1238 997 non
1262 935 1447 1000 inueniendo
1471 936 1503 999 in

253 1055 285 1096 se
308 1033 410 1116 ipsum
432 1033 546 1097 itemm
569 1035 738 1099 reflectens.
783 1035 865 1100 unde
888 1058 926 1100 ex
948 1038 1028 1101 mari
1049 1057 1139 1120 saepe
1163 1036 1287 1120 quidem
1316 1058 1430 1120 aquam
1451 1039 1504 1102 ab·

252 1135 377 1214 strabit3
400 1135 464 1199 iam
486 1157 559 1200 uero
583 1137 627 1200 ibi
649 1159 745 1201 naues
767 1137 969 1204 aduenientes
983 1139 1127 1203 subleuat
1142 1161 1294 1223 aquarum
1310 1145 1410 1204 traetu
1426 1141 1504 1204 0001-
1593 1145 1599 1156 “

254 1238 342 1322 piens
363 1239 397 1302 in
419 1240 630 1318 altitudinem3
666 1262 704 1304 ex
731 1247 813 1304 terra
844 1263 966 1326 quoque
989 1242 1107 1325 lapidos
1130 1242 1259 1320 stolia,
1292 1264 1383 1328 saepe
1410 1242 1504 1306 etiam

252 1341 401 1405 animalia
422 1343 576 1407 subleuat.
621 1343 697 1407 haee
719 1350 824 1407 autem
841 1344 879 1408 ad
896 1346 1058 1428 paululum
1075 1349 1181 1428 erepta
1195 1344 1376 1410 deferuntur
1390 1347 1502 1410 iterum
1517 1363 1545 1405 00

210 1461 237 1505 10
250 1446 377 1510 sicciora
405 1446 487 1509 saeta
514 1455 639 1530 propter
666 1445 843 1510 ariditatem
870 1449 1061 1513 sustollentis
1087 1470 1123 1512 oa
1149 1448 1284 1532 spiritus.
1330 1448 1403 1530 quia
1430 1470 1502 1513 uero

252 1548 331 1631 ignis
358 1549 396 1613 de
419 1549 502 1612 00010
531 1555 562 1612 01
590 1555 727 1612 cornetae
754 1554 785 1612 et
812 1551 1055 1635 unumquodque
1089 1551 1254 1634 ignitorum
1282 1572 1320 1614 ox
1347 1551 1434 1615 arida
1460 1551 1505 1615 in·

253 1652 378 1715 flatione
406 1651 486 1714 fiunt
514 1651 594 1715 01100
619 1658 760 1715 nostrum
787 1673 873 1734 aera,
908 1653 1098 1717 domonstrat
1132 1653 1277 1718 uisibium
1304 1660 1446 1738 aspectus
1473 1660 1505 1718 01

250 1754 386 1818 maxime
409 1754 576 1818 fulminum
600 1754 805 1818 differentiam
827 1756 1011 1820 habentium
1034 1763 1065 1820 et
1088 1777 1269 1821 coneursum
1294 1764 1325 1821 01
1340 1757 1502 1841 impetum,

250 1857 331 1920 siout
353 1857 446 1920 etiam
471 1858 609 1920 nomina:
644 1865 733 1921 tanta
758 1859 842 1922 onim
869 1859 1021 1941 quaedam
1049 1880 1156 1922 eorum
1182 1866 1315 1924 utuntur
1341 1859 1503 1924 nimietate

212 1975 240 2020 15
253 1959 442 2038 uelocitatis,
465 1967 500 2023 ut
523 1961 675 2043 quaedam
699 1960 824 2045 quidem
846 1961 1085 2045 repercutientia
1111 1968 1143 2025 et
1163 1962 1262 2026 solida
1283 1969 1390 2040 urant,
1412 1983 1504 2045 quae-

252 2065 324 2128 dam
346 2084 419 2128 uero
442 2062 559 2125 rariora
581 2068 612 2126 et
634 2062 797 2127 subtiliora
822 2064 1063 2148 transgressione
1089 2065 1266 2129 custodiant
1292 2065 1413 2130 illaesa:
1442 2072 1529 2130 ote-r

250 2166 317 2230 nim
339 2165 506 2249 aliquando
534 2187 588 2249 per
613 2186 754 2249 parmam
782 2167 910 2230 ueniens
932 2188 984 2230 aes
1011 2167 1135 2251 quidem
1163 2168 1229 2231 eius
1255 2175 1381 2253 propter
1402 2189 1503 2253 reper-

251 2268 425 2332 eussionem
452 2268 613 2348 conflauit,
641 2268 759 2351 lignum
788 2289 860 2332 uero
887 2268 1031 2333 illaesum
1058 2270 1238 2334 custodiuit:
1266 2271 1392 2354 spiritus
1419 2271 1502 2335 enirn

250 2393 344 2435 urens
366 2371 495 2434 fulmen.
540 2378 572 2434 01
593 2371 726 2434 aliarum
754 2391 877 2454 quoque
903 2371 1082 2455 passionum
1109 2372 1141 2436 in
1169 2394 1239 2437 aere
1267 2374 1503 2438 consistentium

208 2475 332 2539 aoinest
352 2472 459 2537 uidere
480 2473 670 2536 substantias
692 2494 730 2536 ex
751 2472 906 2557 spirituali
927 2473 1100 2555 inflatione,
1128 2480 1235 2560 utpote
1261 2476 1303 2540 sit
1325 2476 1362 2539 de
1386 2477 1502 2541 tonitru

250 2577 417 2642 dicendum
444 2581 475 2639 et
500 2576 714 2658 fulgoratione.
763 2576 898 2640 nubibus
932 2577 1147 2660 frequentibus
1181 2583 1213 2641 et
1245 2579 1502 2644 conuenientibus

251 2685 361 2744 eueeta
382 2679 501 2742 inflatio
525 2679 682 2743 offendens
705 2678 860 2742 uiolentur
888 2678 923 2742 in
950 2679 994 2742 eis
1022 2679 1096 2744 10011
1124 2680 1261 2764 plagam,
1295 2682 1382 2747 euius
1409 2704 1502 2748 sonus
1516 2700 1543 2742 10

249 2788 379 2846 uocatur
403 2781 540 2861 tonitru3
575 2782 732 2845 collisione
761 2801 834 2845 uero
862 2782 943 2845 10010
971 2782 1139 2845 contritum
1169 2783 1202 2846 in
1229 2783 1273 2847 eis
1299 2784 1424 2868 igneum
1451 2808 1502 2850 ex·

250 2885 358 2970 01111111
378 2885 626 2967 fulgorationem.
660 2883 704 2947 sic
726 2883 812 2967 prius
834 2883 959 2967 quidem
982 2883 1098 2947 tonitru
1119 2885 1322 2968 fulgoratione
1346 2888 1426 2967 fieri;
1449 2909 1501 2973 ap·

207 3005 236 3050 05
248 3010 357 3077 parere
372 2995 477 3053 autem
500 2988 632 3073 priorem
649 2987 897 3070 fulgorationem‚
919 3006 955 3050 eo
976 2987 1058 3070 quod
1077 2987 1163 3052 uisus
1185 2988 1326 3053 auditum
1349 2991 1505 3074 praeeedit

196 3247 212 3299 ‘2
232 3240 480 3300 011110111011111111.
501 3241 519 3292 1.
533 3257 554 3293 0.
573 3256 599 3308 p.
612 3240 675 3293 149:
694 3240 831 3313 φερόμενος
849 3239 892 3294 οὖν
906 3240 919 3294 θ
931 3241 1019 3310 τυφὼν
1034 3244 1106 3295 κάτω
1126 3244 1169 3295 καί
1181 3243 1221 3296 διὰ
1239 3243 1285 3314 τῆν
1298 3242 1454 3315 ἀντίκρουσιν
1467 3244 1556 3317 κῦκλῳ

195 3331 372 3407 περιαγόμενος
390 3330 434 3382 καὶ
447 3326 514 3381 οὕτω
532 3328 728 3399 συστρεφόμενος
746 3330 789 3381 καὶ
801 3335 882 3382 πυιῶν
895 3328 979 3382 ἕλικα·
997 3329 1033 3387 οἷς
1051 3330 1081 3383 ἀν
1093 3332 1228 3401 προσπέσῃ,
1246 3336 1326 3384 ταῦτα
1339 3331 1428 3402 κέικλιρ
1442 3333 1556 3402 στρέφων

195 3429 265 3476 κινιί
302 3419 339 3473 ua
358 3417 403 3471 καί
419 3436 474 3469 τινα
492 3414 613 3472 πολλάκις
636 3422 688 3467 τῶν
706 3417 745 3468 ἐπὶ
764 3421 810 3486 γῆς
831 3416 853 3489 ῆ
868 3415 995 3476 θαλάττης
1018 3418 1125 3490 στρέψας
1147 3420 1182 3475 ε1ς
1199 3416 1263 3488 ὕψος
1280 3418 1391 3483 ἀνέλκει,
1414 3419 1450 3478 ὡς
1468 3420 1508 3473 ee
1525 3420 1555 3474 τὸ

195 3509 257 3563 αὑτό
273 3506 347 3560 πάλιν
366 3506 540 3573 ἀνακάμπτων
558 3507 594 3572 τῷ
615 3504 650 3573 μῆ
669 3502 735 3576 ἔχειν
753 3502 869 3563 διέξοδον.
898 3504 927 3556 έκ
946 3506 991 3572 μέν
1010 3504 1054 3557 οὖν
1072 3505 1200 3576 θαλάσσης
1218 3504 1286 3573 ὕδωρ
1304 3507 1403 3577 ἀνασπᾷ
1421 3506 1554 3565 πολλάκις·

194 3596 244 3667 ῆθη
263 3595 289 3649 δέ
307 3594 351 3647 καί
368 3591 454 3646 πλοῖον
473 3590 622 3660 έμετιὼρισε
639 3594 672 3661 τῆ
685 3590 739 3660 δίνη
759 3591 913 3663 περιλαβών·
932 3592 962 3644 έκ
980 3591 1006 3644 δέ
1019 3598 1065 3662 τῆς
1083 3598 1128 3662 γῆς
1146 3595 1189 3645 καὶ
1208 3592 1269 3654 ξύλα
1288 3594 1331 3646 καὶ
1349 3592 1442 3658 λίθους,
1461 3594 1509 3665 ῆθη
1528 3594 1555 3647 δέ

195 3683 238 3736 καὶ
257 3683 319 3752 ζῷα,
337 3680 381 3733 τὸν
400 3678 585 3751 αὐτὸντρόπον
604 3677 747 3747 ἀνήνεγκεν.
784 3675 830 3730 όσα
848 3677 872 3730 δ’
893 3678 938 3731 ὑπ’
961 3678 1038 3733 αὐτοῦ
1056 3680 1232 3751 ἀναφέρονται,
1255 3679 1338 3751 όλίηον
1357 3679 1555 3753 μετεωρισθέντα

195 3770 381 3841 καταφέρονται
398 3766 482 3831 πάλιν,
501 3765 625 3835 ξηρότατα
643 3763 764 3834 γενόμενα
782 3765 822 3818 διὰ
840 3767 887 3837 τῆν
906 3767 1033 3838 ξηρότητα
1049 3771 1095 3819 τοῦ
1113 3767 1248 3837 ἀνάγοντος
1265 3774 1345 3820 ταῦτα
1363 3768 1504 3837 πνεύματος

199 3858 230 3910 15
250 3856 282 3909 01.
302 3857 412 3908 Aristot.
427 3855 475 3907 371
486 3853 549 3904 ⁸24:
569 3852 606 3905 διὸ
625 3853 668 3904 καὶ
686 3854 717 3904 τά
735 3853 780 3922 μέν
792 3853 992 3924 ἀντιτυπῆσαντα
1010 3856 1101 3924 πάσχει
1119 3873 1150 3919 τι,
1168 3856 1200 3907 τὰ
1218 3855 1244 3907 δέ
1264 3856 1299 3926 μῆ
1313 3854 1396 3920 οὐθέν,
1415 3856 1466 3909 οἷον
1485 3856 1555 3908 ἀσπί-

195 3945 238 4003 δας
255 3944 304 4015 ῆθη
323 3942 352 3995 τὸ
371 3942 416 4010 μὲν
435 3939 564 4010 χάλκωμα
583 3940 671 4011 έτάκη,
688 3939 717 3992 τὸ
736 3940 762 3992 δέ
781 3939 855 4000 Εὑλον
873 3939 947 3994 οὒθὲν
966 3940 1058 3994 ἔπαθεν
1077 3972 1109 3979 -
1129 3942 1186 3995 11110.
1205 3943 1341 3996 Blemmid.
1360 3944 1376 3994 1.
1387 3960 1409 3996 0.
1428 3960 1454 4011 p.
1466 3943 1513 3997 151

195 4033 226 4085 21
252 4032 284 4085 01.
305 4031 413 4084 Aristot.
432 4027 552 4082 369⁸·27:
576 4025 640 4097 αὕτη
660 4026 762 4098 [001111
781 4026 956 4097 ἀναθυμίασις]
976 4029 1111 4082 συνιόντων
1128 4036 1181 4081 τῶν
1200 4038 1282 4099 νεφῶν
1301 4030 1449 4103 ἐκκρίνεται,
1469 4031 1510 4102 βίᾳ
1529 4032 1555 4085 δέ

194 4120 321 4192 φερομένη
333 4119 376 4170 καὶ
388 4115 576 4188 προσπίπτουσα
594 4121 646 4172 τοῖς
659 4117 844 4184 περιεχομένοις
862 4117 944 4187 νέφεσι
962 4124 1028 4169 ποιεῖ
1039 4116 1146 4187 πληγήν,
1164 4117 1195 4186 ῆς
1213 4117 1226 4170 θ
1239 4118 1320 4187 ψόφος
1337 4117 1450 4172 καλεῖται
1463 4121 1554 4191 βροντή

195 4207 230 4260 24
249 4206 282 4259 01.
301 4206 409 4259 Aristot.
428 4203 533 4257 369117:
556 4201 648 4271 γίνεται
667 4201 693 4253 δέ
711 4203 774 4271 μετὰ
792 4205 840 4274 τῆν
858 4203 957 4275 πληγὴν
975 4206 1019 4257 καὶ
1037 4202 1138 4277 ὕστερον
1157 4210 1202 4274 τῆς
1221 4205 1338 4277 βροντῆς·
1361 4205 1424 4259 ἀλλά
1443 4207 1555 4278 φαίνεται

194 4293 315 4365 πρότερον
333 4289 372 4345 διὰ
390 4291 419 4345 τὸ
433 4293 480 4360 τἠν
499 4289 556 4360 ὄψιν
569 4296 695 4361 προτερεῖν
713 4294 760 4359 τῆς
777 4292 858 4362 ἀκοῆς
877 4322 908 4330 -
928 4292 1133 4345 Ν10.Β10111ω111.
1151 4292 1168 4343 l.
1179 4308 1201 4344 0.
1221 4309 1246 4360 p.
1260 4293 1320 4344 147:
1339 4294 1431 4362 γίνεται
1449 4294 1476 4347 δέ
1492 4296 1555 4365 μετὰ

194 4381 242 4451 τῆν
255 4379 362 4451 βροντὴν
380 4379 423 4431 καλ
436 4376 537 4449 ὕστερον
555 4381 601 4447 τῆς
613 4377 718 4447 πληγῆς.
746 4379 762 4448 ῆ
782 4379 860 4448 βίαιος
878 4381 923 4451 γὰρ
942 4380 1038 4450 κίνησις
1055 4381 1098 4430 καὶ
1116 4379 1132 4448 q
1150 4378 1234 4449 πληγὴ
1254 4379 1320 4432 α1τία
1338 4381 1403 4433 έστὶν
1421 4381 1490 4452 αὐτῷ
1508 4387 1555 4454 τῆς

195 4468 376 4540 ἐκπυρώσεως·
394 4466 434 4519 διὰ
453 4466 537 4534 μέντοι
555 4463 584 4517 τὸ
604 4466 650 4535 τῆν
669 4465 727 4534 όψιν
740 4466 966 4536 ἀντιλαμβάνεσθαι
984 4473 1036 4518 τῶν
1050 4465 1119 4519 ίδίων
1138 4466 1266 4536 αἰσθητῶν
1286 4467 1390 4539 πρώτην
1407 4473 1453 4540 τῆς
1465 4471 1554 4540 ἀκοῆς,

194 4557 235 4610 διὰ
253 4560 328 4609 τοῦτο
345 4553 393 4626 πρὸ
411 4557 457 4606 τοῦ
475 4551 631 4623 ἀκουσθῆναι
647 4553 695 4622 τὴν
715 4553 821 4624 βροντην
840 4554 927 4626 ὁρᾶται
945 4556 961 4626 ῆ
981 4555 1103 4627 ἀστραπή.

196 4781 230 4834 10
247 4781 352 4848 propter
372 4777 408 4829 θ’
426 4779 451 4828 in
469 4794 559 4842 murp.;
578 4777 603 4827 ia
620 4788 688 4830 textu
706 4797 755 4828 υυα
773 4777 845 4829 litera
862 4796 945 4842 eraso,
958 4780 1023 4845 sort.
1043 4778 1166 4843 compend.
1184 4795 1230 4846 per
1331 4779 1361 4831 13
1381 4778 1552 4832 differentiam

194 4866 252 4936 ete]
275 4883 363 4936 praece
375 4866 438 4929 sorr.
460 4863 579 4935 θιάφορον
601 4865 713 4935 ἐχόντων
738 4865 781 4917 καὶ
803 4865 849 4935 την
872 4863 1013 4935 συνδρομὴν
1038 4865 1081 4917 καὶ
1108 4864 1188 4936 θρμῆν
1212 4864 1296 4938 ὥσπερ
1322 4872 1365 4919 καὶ
1387 4868 1418 4920 τά
1442 4865 1554 4935 όνόματα

195 4952 339 5025 [Duebnero
357 4950 534 5023 διαφορώτατα
551 4953 679 5019 εοτίρυίεεα
699 4951 844 5005 11100ιάοω
861 4950 967 5024 videtur]
1074 4950 1106 5005 21
1128 4952 1265 5007 dicendum
1287 4952 1322 5006 θ’
1340 4955 1365 5005 in
1383 4972 1436 5009 νοτ.
