3510 5610
174 247 179 256 ί
197 277 240 341 24
378 271 630 327 ARISTOPHANIS
648 270 831 325 HISTORIAE
850 270 1042 326 ANIMALIUM
1058 271 1208 326 ΕΡΙΤΟΜΕ
1226 271 1238 325 Ι
1257 271 1366 327 78-81

248 445 371 528 ληδύνας
398 445 462 533 ἔχει
489 448 518 510 ἐν
540 452 578 530 ιγῙ
603 448 713 532 μητρρ,
740 443 801 509 ἔστι
823 445 856 508 δὲ
878 445 893 508 ύ
916 445 1071 529 ἅνθρωπος
1093 444 1252 532 άμφόδυυς.
1331 446 1403 532 (79)
1430 450 1540 534 περ132

249 551 281 613 δὲ
303 551 351 616 τὸν
375 552 471 634 καιρὸν
495 550 543 613 ότε
566 549 685 636 ἄρχεται
712 550 742 613 ἐν
770 553 888 633 μαστοῖς
914 550 989 631 γαλα
1014 552 1075 618 ταῖς
1102 549 1237 618 κυούσαις
1261 551 1404 633 γίνεσθαι,
1432 549 1497 614 τότε

248 652 393 738 ἄρχεσθαί
419 675 490 738 φησι
517 653 671 738 σχίζεσθαι
697 654 730 716 τδ
757 649 881 737 ἔμβρυον
908 651 941 713 τδ
968 652 1031 735 πρίν
1061 651 1191 738 ὑπάρχον
1217 655 1355 737 κρεῶδες·
1388 655 1437 718 καί
1464 655 1497 717 τό

195 771 254 815 ιιεν
269 758 320 838 μὲν
344 755 430 841 ἄρρεν
451 757 634 840 διαρθρούται
656 753 690 818 ού
714 754 786 836 μετὰ
808 753 881 817 πολδ
904 757 961 816 τῶν
983 750 1196 839 τεσσαράκοντα
1221 758 1349 840 ἡμερῶν,
1377 753 1381 843 ί
1408 757 1441 821 τδ
1464 758 1496 820 δὲ
1510 772 1538 815 ιο

221 860 325 943 οθῆλυ
355 860 427 943 μετόι
455 858 506 928 τὰς
532 859 680 942 ἑξήκοντα.
731 856 788 940 ἤδη
816 859 869 940 γάρ
897 878 982 941 φησιν
1010 856 1155 941 ἐκτρωθὲν
1185 858 1257 940 μετὰ
1285 862 1498 944 τεσσαράκοντα

249 965 297 1027 καί
325 962 432 1047 βληθὲν
461 962 503 1031 είς
529 961 607 1044 ὕδωρ
633 960 745 1045 ψυχρόν
773 959 865 1044 ἐφάνη
894 960 923 1022 ἐν
951 959 1033 1042 ὑμένι
1061 961 1206 1046 ὑπάρχον,
1233 960 1267 1024 οὔ
1295 962 1499 1048 διακνηθέντος

249 1068 384 1151 ἐλαφρῶς
406 1065 498 1147 ἐφάνη
521 1064 553 1125 τό
576 1060 700 1148 ἔμβρυον
722 1063 821 1146 ἡλίκον
845 1061 957 1146 μύρμηξ
981 1067 1037 1124 τῶν
1066 1065 1213 1145 μεγαλων,
1242 1067 1335 1129 πάντα
1362 1067 1397 1129 τὰ
1423 1066 1497 1150 μέλη

250 1167 319 1255 ἔχον
343 1171 427 1252 δῆλα.

335 1270 406 1353 (80)
436 1268 506 1353 Περί
530 1269 563 1330 δὲ
589 1266 696 1353 χρόνου
719 1270 852 1352 κυησειύς
874 1289 960 1353 φησιν
984 1269 999 1331 ό
1018 1266 1220 1363 Ἀριστοτέλης
1242 1274 1302 1339 τοῖς
1324 1272 1375 1353 μὲν
1398 1270 1496 1341 ἄλλοις
1510 1286 1537 1329 15

211 1390 238 1434 ιο
252 1373 337 1458 ζῴοις
360 1374 410 1436 ένα
433 1371 536 1457 χρόνον
559 1369 632 1434 εἶναι
653 1375 705 1454 τῆς
720 1373 862 1455 κυήσεως,
885 1374 926 1440 ὡς
947 1370 1037 1452 εἶπον,
1060 1373 1108 1435 καί
1131 1372 1177 1456 βοῒ
1200 1372 1250 1454 μὲν
1273 1373 1497 1457 ἐννεαμηνιαῖον,

251 1478 333 1562 ῖπτιρ
362 1477 394 1539 δὲ
419 1477 638 1560 δεκαμηνιαῖον,
665 1479 702 1557 τῇ
730 1476 762 1537 δὲ
789 1477 899 1557 γυναικί
926 1475 1059 1543 πλείονας
1085 1473 1158 1537 είναι
1186 1476 1252 1545 τοὺς
1280 1477 1416 1561 χρόνους·
1450 1479 1498 1542 καί

250 1579 303 1664 γὰρ
326 1579 399 1641 ἑπτὰ
422 1579 515 1662 μῆνάς
536 1588 609 1646 τινες
634 1576 756 1640 κύουσαι
784 1574 880 1640 ἔτεκον
907 1576 1024 1660 γόνιμα,
1053 1577 1148 1663 έτεραι
1174 1579 1206 1642 δὲ
1234 1579 1329 1655 ἐννέα,
1356 1577 1441 1643 άλλαι
1467 1581 1500 1643 δὲ

251 1682 320 1745 δέκα
343 1682 464 1744 καὶτοῦ
487 1681 638 1743 ἑνδεκάτου
661 1680 849 1766 προσέλαβον.
915 1679 988 1763 (81)
1009 1680 1115 1766 συνέβη
1136 1681 1168 1745 δέ
1184 1701 1238 1744 τισι
1253 1682 1499 1764 έπισπασαμέναις
1546 1755 1551 1765 ⁸

250 1785 341 1847 πλείω
371 1789 428 1847 τῶν
456 1782 557 1846 ἕνδεκα
588 1786 685 1864 μηνῶν
714 1783 817 1867 χρόνον
844 1789 937 1848 τεκεῖν
963 1785 1011 1847 τόν
1039 1784 1215 1867 καλούμενον
1244 1785 1348 1867 μύλον·
1382 1785 1423 1849 ῶν
1450 1789 1499 1851 καὶ
1512 1803 1541 1845 ευ

210 1903 236 1948 ιο
251 1888 333 1972 μίαν,
360 1886 461 1972 φησίν,
489 1885 644 1967 ἐπίσταμαι
666 1885 728 1968 ἥτις
751 1887 941 1971 συγγενομένη
969 1889 1011 1969 τῷ
1035 1884 1115 1969 ἀνδρὶ
1136 1888 1184 1949 καί
1206 1885 1313 1956 δόξασα
1335 1884 1436 1970 ἔγκυος
1457 1913 1500 1972 γε·

249 1991 361 2073 γονέναι
385 1990 446 2073 τρία
469 1985 520 2072 ἔτη
543 1986 702 2050 διετέλεσεν
723 1988 752 2050 ἐν
776 1989 917 2073 ἐπάρματι
940 1990 991 2072 τὴν
1013 1989 1137 2072 γαστέρα
1159 1987 1281 2074 ἔχουσα.
1326 1989 1422 2053 ούκέτι
1446 1993 1543 2075 μδνθθ

251 2091 300 2156 οὖν
324 2093 403 2161 ἐντός
425 2088 544 2154 ἐκινεῖτό
567 2112 594 2152 τι
615 2090 701 2173 αὐτῇ,
727 2092 860 2176 καθάπερ
882 2097 943 2162 ταῖς
965 2091 1039 2155 κατὰ
1061 2091 1144 2175 φύσιν
1167 2091 1313 2176 ἐχούσαις.
1357 2091 1419 2156 εἶτα
1441 2117 1517 2179 χει·.

252 2201 346 2279 μῶκος
369 2193 522 2278 γενομένου
545 2193 592 2260 καί
615 2196 725 2276 πολλῆς
747 2196 911 2279 δυσαερίας,
938 2193 1034 2279 ἔτεκε,
1047 2196 1139 2278 σάρκα
1165 2196 1214 2258 τδν
1236 2193 1389 2276 λεγόμενον
1410 2197 1500 2278 μόλον
1577 2195 1580 2202 ’

251 2299 299 2362 καί
321 2298 433 2382 ἐσώθη.
471 2297 528 2382 ἤδη
553 2297 604 2380 μὲν
627 2294 676 2359 ούν
698 2319 771 2365 τινες
793 2298 834 2380 μὴ
854 2301 988 2373 τεκοῦσαι
1010 2296 1096 2360 αὐτόν
1118 2296 1305 2381 ἀνηρέθησαν
1329 2294 1378 2360 ὑπ’
1399 2298 1529 2380 αδτοῶ,ε

210 2417 238 2463 νο
252 2403 307 2466 τισὶ
334 2402 366 2465 δὲ
392 2402 440 2464 καί
467 2400 699 2483 συγκατεγηρασε
724 2384 781 2461 δῶν
808 2404 957 2483 γυναικῶν.
1002 2396 1063 2462 ἔστι
1090 2400 1122 2462 δὲ
1147 2400 1221 2482 αύτη
1247 2402 1267 2484 η
1293 2399 1363 2483 σάρξ
1389 2402 1502 2486 σκληρὰ

200 2593 212 2645 l
234 2591 365 2662 ἄνθρωπος
382 2588 519 2658 άμφόδους]
539 2588 617 2640 Arist.
631 2590 696 2654 part.
709 2587 788 2639 anim.
803 2583 822 2638 Γ
835 2587 866 2638 14
884 2603 910 2654 p.
922 2586 1028 2640 674124
1046 2584 1091 2639 όσα
1106 2587 1151 2655 μὲν
1165 2587 1249 2639 αύτῶν
1267 2588 1331 2640 ἐστιν
1350 2588 1502 2658 άμρύιδοντα
1513 2627 1520 2641 .
1530 2628 1555 2642 ..

198 2681 249 2733 οίον
267 2679 398 2748 ἄνθρωπος
508 2675 559 2727 1.2
579 2675 634 2744 περὶ
652 2674 679 2726 δέ
697 2673 740 2727 τόν
758 2673 856 2743 καιρὸν]
875 2675 956 2726 Arist.
969 2675 1029 2726 hist.
1042 2675 1122 2726 anim.
1135 2671 1186 2726 Ηθ
1204 2690 1229 2743 p.
1243 2673 1334 2727 583b9
1353 2678 1408 2747 περί
1426 2676 1452 2730 δέ
1466 2683 1555 2733 τοῦτον

198 2769 242 2838 τὸν
265 2768 353 2838 χρόνον
377 2764 420 2817 καί
443 2763 552 2833 σχίζεται
573 2761 601 2813 τό
625 2760 722 2832 κύημα·
746 2763 790 2814 τὸν
812 2762 832 2814 δ’
846 2760 984 2830 ἔμπροσθεν
1006 2759 1128 2831 άναρθρον
1152 2763 1284 2832 συνέστηκε
1308 2763 1416 2831 κρεῶδες

199 2855 252 2908 3.4
276 2855 318 2905 καί
337 2852 365 2904 τὸ
384 2853 428 2920 μὲν
447 2849 530 2920 ἄρρεν]
552 2848 632 2902 An'si.
645 2850 705 2902 hist.
718 2851 797 2902 anim.
811 2847 862 2903 H3
885 2866 909 2918 p.
923 2848 1013 2902 583122
1037 2851 1081 2902 καί
1105 2851 1130 2902 ἐν
1152 2857 1203 2907 τοῖς
1227 2849 1351 2920 βουβῶσιν
1374 2852 1414 2904 έπί
1437 2855 1482 2920 μέν
1504 2861 1556 2907 τῶν

200 2943 309 3014 ἀρρένων
328 2939 363 2998 ῶς
381 2940 421 2990 έπί
439 2939 468 2990 τὸ
486 2937 550 2989 πολὺ
569 2938 594 2990 έν
612 2941 650 3007 τιγῖ
663 2935 735 3007 δεξιῷ
754 2936 848 3005 μᾶλλον
865 2939 919 3007 περὶ
934 2938 977 2995 τάς
994 2940 1178 3006 τετταράκοντα
1196 2937 1286 3005 γίνεται
1304 2938 1320 3008 η
1339 2939 1442 3010 κίνησις,
1460 2947 1512 2994 τῶν
1530 2941 1556 2994 δέ

198 3027 306 3100 θηλειῶν
325 3029 350 3080 ἐν
368 3031 407 3096 τῷ
425 3027 546 3095 ἀριστερῷ
563 3026 618 3092 περί
636 3022 775 3093 ένενίγκονθ
787 3024 881 3094 ἡμέρας
980 3024 996 3077 5
1015 3023 1075 3094 ἤδη]
1093 3024 1174 3076 Arist.
1184 3024 1244 3076 hist.
1255 3022 1394 3078 anim.H3
1412 3043 1436 3094 p.
1447 3026 1556 3081 5831214

198 3118 227 3170 τό
247 3118 291 3184 μὲν
311 3115 353 3167 οὖν
371 3115 444 3184 ἄρρεν
463 3111 521 3164 όταν
540 3109 630 3181 ἐξέλθῃ
648 3118 879 3181 τετταρακοσταῖον,
898 3111 940 3165 ίαν
959 3112 1003 3179 μὲν
1022 3113 1055 3169 είς
1073 3110 1134 3163 ἄλλο
1153 3128 1176 3162 τι
1193 3111 1247 3181 ἀφῇ
1265 3130 1310 3177 τις,
1330 3112 1451 3182 διαχεῖταί
1468 3134 1494 3168 τε
1513 3118 1556 3169 καί

199 3204 353 3272 ἀφανίζεται,
376 3203 418 3254 ἐὰν
441 3198 460 3253 δ’
475 3201 509 3258 είς
531 3198 627 3269 ψυχρὸν
651 3196 731 3267 ύδωρ,
754 3199 893 3251 συνίσταται
916 3199 966 3251 υίον
989 3200 1015 3251 ἐν
1038 3198 1119 3268 ὑμένι·
1145 3197 1235 3251 τούτου
1253 3198 1279 3252 δὲ
1297 3199 1478 3261 διακνισθέντος
1496 3202 1556 3268 (δια-

200 3290 336 3362 κυηθέντος
355 3290 401 3354 ca)
420 3289 531 3358 φαίνεται
549 3287 578 3339 τό
597 3286 704 3358 ἔμβρυον
721 3287 749 3339 τό
769 3284 872 3355 μέγεθος
890 3287 977 3356 ἡλίκον
995 3285 1095 3357 μύρμηξ
1108 3289 1159 3339 τῶν
1178 3285 1301 3355 μεγάλων,
1319 3289 1350 3340 τιί
1362 3307 1389 3340 τε
1407 3289 1471 3360 μέλη
1484 3289 1557 3361 δῆλα,

199 3383 232 3433 τά
251 3398 277 3431 τε
296 3377 359 3430 ἄλλα
378 3379 457 3428 πάντα
477 3377 519 3427 καί
537 3373 566 3427 τό
585 3375 685 3438 αίδοῖον,
702 3375 746 3425 καί
764 3375 786 3426 oi
805 3373 930 3443 ὀφθαλμοί
949 3371 1062 3442 καθάπερ
1081 3375 1121 3426 ἐπί
1140 3379 1191 3425 τῶν
1210 3372 1293 3425 ἄλλων
1311 3375 1384 3444 ζῷων
1403 3379 1512 3446 μέγιστοι

201 3467 216 3520 9
236 3467 290 3537 περὶ
309 3465 334 3518 δὲ
353 3463 454 3534 χρόνον]
474 3464 554 3515 Arist.
567 3463 628 3514 hist.
641 3459 785 3528 anim.'2H4
803 3478 827 3529 p.
841 3461 948 3515 584233
967 3460 999 3513 εί.
1015 3477 1093 3528 supra
1112 3459 1173 3526 §46
1282 3463 1313 3515 14
1334 3463 1380 3533 ὧν]
1401 3466 1481 3518 Arist.
1494 3466 1555 3519 hist.

201 3556 280 3608 anim.
294 3549 347 3606 K?
370 3567 395 3619 p.
408 3550 512 3602 638211
541 3550 717 3619 συγγενομένης
740 3548 815 3613 (τινός
840 3549 963 3618 γυναικός)
988 3552 1026 3618 τιγῖ
1052 3548 1119 3617 ἀνδρί
1142 3549 1185 3600 καί
1209 3547 1313 3619 δοξάσης
1338 3551 1467 3622 συλλαβεῖν
1493 3552 1507 3605 ό
1528 3552 1554 3606 τ’

201 3640 275 3710 ὄγκος
293 3639 412 3710 ηύξάνετο
430 3642 475 3706 τῆς
494 3636 596 3705 ὑστέρας
615 3637 657 3688 καί
675 3635 753 3688 τᾶλλα
774 3638 880 3705 ἐγίγνετο
902 3637 931 3690 τὸ
954 3643 1053 3706 πρῶτον
1077 3637 1142 3689 κατὰ
1164 3635 1245 3704 λόγον.
1279 3638 1331 3690 έπεί
1350 3637 1369 3690 δ’
1385 3639 1398 3692 δ
1417 3640 1506 3711 γρύνος
1525 3640 1557 3711 ἦν

200 3732 245 3780 τού
262 3728 352 3791 τόκου,
373 3721 430 3777 ούτε
449 3723 543 3775 ἔτικτεν
562 3721 618 3775 ούτε
637 3723 650 3776 δ
670 3723 743 3792 όγκος
762 3722 872 3775 ἐλάττων
890 3724 1009 3794 ἐγίγνετο,
1030 3723 1082 3777 ἀλλ’
1097 3724 1141 3794 ἔτη
1162 3723 1217 3793 τρία
1236 3723 1252 3795 ἡ
1271 3726 1377 3796 τέτταρα
1395 3724 1463 3779 ούτω
1481 3727 1556 3781 διετέ-

200 3815 281 3869 λεσεν.
305 3814 352 3871 ἕως
371 3811 523 3880 δυσεντερίας
540 3813 673 3881 γενομένης
696 3814 738 3864 καὶ
756 3810 944 3882 κινδυνευσάσης
962 3812 1040 3881 αύτῖγς
1058 3813 1128 3864 ἔτεκε
1147 3815 1226 3884 σάρκα
1245 3811 1379 3883 εὐμεγέθη,
1404 3815 1435 3885 ἣν
1453 3814 1557 3868 καλοῦσι

201 3900 290 3970 μύλην.
327 3900 399 3967 ἐνίαις
423 3899 449 3952 δὲ
473 3899 516 3950 καί
541 3900 768 3969 συγκαταγηράσκει
792 3899 820 3952 τό
844 3898 924 3957 πάθος
948 3901 990 3951 καί
1016 3897 1219 3969 συναποθνήσκει.
1259 3899 1291 3952 cf.
1310 3917 1397 3969 gener.
1414 3899 1555 3955 animM

201 4004 227 4056 p.
242 3986 427 4040 7751225-36
551 3985 586 4038 20
609 3985 670 4054 ἔστι]
690 3987 769 4038 Arist.
783 3987 843 4038 hist.
857 3987 935 4038 anim.
950 3983 975 4039 K
989 3987 1004 4038 6
1026 4003 1051 4055 p.
1065 3985 1174 4040 638b10
1197 3988 1240 4040 καί
1257 3988 1274 4057 ἡ
1293 3988 1433 4059 σκληρότης
1451 3988 1470 4042 δ’
1486 3991 1502 4061 η
1521 4008 1556 4059 γι-

111 4106 117 4119 .
201 4076 307 4142 γνομίνη
331 4079 375 4127 τοῦ
399 4076 542 4143 πράγματος
564 4071 699 4131 κωλύσεως
722 4073 792 4143 ἔργον
814 4074 887 4126 ἐστίν.
921 4070 988 4125 οὕτω
1005 4074 1051 4143 γάρ
1075 4075 1164 4143 γίνεται
1188 4075 1301 4165 σκληρόνο
1318 4076 1383 4129 ὥστε
1406 4077 1504 4129 πελέκει
1525 4077 1556 4130 ού

201 4160 315 4213 δύνανται
335 4162 482 4214 διακόπτειν.
513 4159 545 4212 εί.
562 4176 649 4229 gener.
662 4161 741 4212 anim.
753 4157 802 4212 ΔἹ
824 4177 849 4230 p.
863 4159 971 4213 775b34
996 4161 1028 4212 τό
1045 4161 1071 4214 δὲ
1090 4160 1180 4232 θύραζε
1199 4160 1295 4222 ἐξιόντα
1312 4170 1364 4216 τῶν
1381 4164 1502 4217 τοιούτων
1520 4166 1556 4233 γί-

201 4267 268 4301 νεται
287 4249 384 4320 σκληρὰ
402 4247 481 4307 οὕτως
501 4246 566 4300 ὥστε
584 4246 655 4315 μόλις
673 4244 849 4300 διακόπτεσθαι
867 4249 910 4300 καί
928 4247 1020 4318 σιδήρῳ

202 4413 218 4466 3
237 4411 363 4483 σχίζεσθαι
381 4414 460 4466 Rose:
482 4411 608 4483 ίσχύεσθαι
626 4413 648 4464 Ρ
753 4412 769 4465 5
788 4411 910 4483 ἑξήκοντα
924 4415 956 4466 P:
976 4414 1124 4483 ἐνενήκοντα
1142 4415 1224 4467 suasit
1243 4429 1275 4467 ex
1292 4415 1433 4470 Aristotele
1452 4417 1556 4488 Sauppe

203 4501 218 4553 6
237 4498 412 4570 διακινηθέντος
431 4501 534 4566 scripsi:
554 4498 737 4571 διακινηθέντος
753 4501 787 4552 P:
806 4499 986 4558 διοκνισθέντος
1005 4501 1072 4553 Ιδοεο
1091 4517 1123 4553 ex
1136 4502 1284 4554 Aristotelis
1303 4503 1358 4556 ίοοο
1377 4507 1557 4573 supracitato,

202 4589 247 4641 sed
266 4587 299 4639 εί.
318 4589 355 4640 ibi
374 4604 397 4638 v.
411 4586 428 4637 l.
443 4585 619 4657 διακυηθέντος
725 4587 740 4639 7
760 4586 858 4658 μύρμηξ
877 4589 957 4640 Rose:
982 4586 1094 4658 μύρμηκι
1113 4583 1134 4640 Ρ
1240 4588 1256 4642 8
1275 4590 1333 4659 ίχον
1351 4594 1414 4655 (non
1434 4593 1516 4661 ἔσχον)
1534 4593 1555 4646 Ρ

205 4676 236 4728 10
261 4675 296 4733 ὡς
314 4673 392 4742 είπον]
412 4690 490 4742 supra
509 4675 570 4742 §46
696 4675 726 4727 12
752 4677 865 4746 μῖγνεςΡ
989 4676 1020 4728 14
1046 4674 1123 4742 μύλυν
1141 4675 1175 4728 P:
1200 4675 1279 4747 μύλην
1298 4679 1450 4732 Aristoteles

206 4763 237 4815 15
256 4762 347 4822 δόξασα
366 4761 453 4830 ἔγκυος
472 4762 552 4815 Rose:
570 4762 640 4822 δόξας
659 4761 743 4835 έγγυος
760 4763 780 4816 Ρ
890 4762 921 4818 18
939 4762 1065 4832 δυσαερίας
1084 4765 1190 4831 scripsi:
1209 4764 1338 4835 δυσουρίας
1352 4767 1387 4818 P:
1405 4765 1556 4838 δυσεντερίας

203 4849 357 4908 Αιτείοίυίυε
