3510 5610
196 300 216 363 6
377 294 628 350 ARISTOPHANIS
648 293 833 346 HISTORIAE
853 292 1045 345 ANIMALIUM
1064 292 1212 343 EPITOME
1232 292 1241 343 1
1261 291 1370 343 26—31

195 471 288 533 ινιδὲ
313 469 413 544 ἄοικα,
443 473 483 538 ὡς
510 469 542 530 τδ
568 470 626 528 τῶν
654 465 778 550 ἀκρίδων
800 463 890 547 γένος.
919 462 923 549 ἡ
952 463 993 528 ἔτι
1020 465 1123 528 δὲκαὶ
1149 469 1205 527 τῶν
1230 460 1315 550 ζῴων
1338 463 1357 527 ἃ
1380 464 1432 546 μὲν
1455 463 1549 525 ἀελόίι

249 573 360 656 ἥμερα,
386 575 427 641 ὡς
448 570 603 655 άνδρωπος
624 570 673 633 καλ
696 567 790 652 ὀρεύς,
819 567 838 630 ἃ
860 569 893 631 δὲ
914 568 960 631 ἀεὶ
983 567 1081 651 ἄγρια,
1111 571 1151 636 ώς
1174 569 1312 652 πάρδαλις
1333 568 1381 631 καὶ
1403 565 1500 641 λύκος,
1514 584 1539 624 ει

253 675 325 738 ἃδὲ
347 674 573 760 ἐίὴμερούρενα,
597 675 637 741 ώς
660 671 766 756 ἐλέφας
788 672 836 734 καὶ
859 670 944 756 ἕτερα
966 671 1092 734 πλείονα.

333 777 406 862 (21)
428 775 521 841 Ἀλλά
542 776 579 838 τὰ
601 775 652 858 μὲν
675 780 726 859 τῆς
746 773 912 858 διαιρέσεως
934 774 982 837 ἐπὶ
1001 777 1145 837 τοσοῦτον.
1179 772 1242 835 ἐπεὶ
1265 773 1297 835 δὲ
1318 773 1368 836 δύο
1384 773 1499 857 πράξεις

223 885 310 950 σταῖς
331 878 428 965 ζώοις,
447 882 466 963 ἡ
490 880 542 963 μὲν
564 879 629 962 περὶ
651 879 703 960 τὴν
725 876 860 962 εὐπορίαν
880 882 932 961 τῆς
951 882 1069 962 τροφῆς,
1088 876 1108 959 ἡ
1126 876 1158 939 δὲ
1180 877 1245 959 περὶ
1261 877 1321 960 τὴν,
1335 876 1436 960 κύησιν
1455 879 1503 940 καὶ
1516 893 1544 934 κε

252 982 357 1053 ἕκτεξιν
379 982 490 1057 αὐτῶν,
518 982 671 1064 ἀναγκαῖον
698 980 734 1042 τὰ
759 981 824 1064 περὶ
846 976 899 1064 τὴν
922 981 1023 1064 κύησιν
1045 978 1140 1043 αὐτῶν
1164 977 1301 1063 πρότερον
1324 979 1502 1063 ἐπιδραμεῖν,

252 1087 353 1169 ἐπειδὴ
390 1087 439 1148 καὶ
475 1086 540 1169 περὶ
576 1087 628 1167 τῆς
659 1081 800 1166 γενέσεως
836 1082 932 1147 αὐτῶν
966 1084 1014 1146 τδν
1047 1086 1180 1146 πλεῖστον
1215 1081 1386 1167 ὑπεσχόμην
1419 1081 1504 1165 λύγον

253 1189 443 1273 ποιήσασθαι.

339 1291 410 1376 (28)
432 1289 514 1355 Εἰσὶν
529 1287 579 1353 ούν
594 1291 687 1374 καιροὶ
703 1289 835 1356 ἑκάστοις
850 1291 907 1350 τῶν
924 1286 1010 1374 ζῴων
1026 1287 1180 1372 ὡρισμένοι
1195 1287 1267 1373 πρύς
1281 1312 1312 1351 τε
1334 1289 1385 1373 τὴν
1406 1288 1505 1374 ὀχείαν

212 1411 239 1456 10
252 1397 300 1461 καὶ
328 1396 379 1480 τὴν
408 1394 519 1479 κύησιν.
564 1394 605 1456 ὧν
627 1392 664 1455 τδι
686 1392 738 1475 μὲν
761 1390 884 1474 πτητικά
905 1393 998 1455 πάντα
1026 1391 1055 1453 ἐν
1078 1394 1120 1475 τῷ
1143 1388 1205 1475 ἔαρι
1227 1395 1349 1454 ποιεῖται
1370 1393 1419 1454 τδν
1442 1413 1506 1456 συν-
1519 1408 1548 1450 ου

253 1499 380 1581 δυασμδν
408 1498 457 1561 καὶ
485 1497 586 1565 νοτίοις
613 1497 722 1578 μᾶλλον
750 1494 839 1557 τίκτει
864 1493 939 1578 ἡπερ
966 1494 1101 1578 βορείοις,
1130 1492 1204 1578 μύνὴ
1235 1494 1267 1556 δὲ
1294 1496 1409 1558 ἀλκυὼν
1441 1498 1505 1581 περὶ
1517 1504 1548 1561 21

253 1601 305 1670 τάς
330 1601 496 1686 χειμερινὰς
516 1596 649 1685 (τροπὰς)
670 1598 718 1661 τδν
742 1598 924 1680 συνδυασμδν
947 1598 994 1660 καὶ
1016 1596 1068 1679 τὴν
1091 1594 1196 1665 έκτεξιν
1219 1601 1356 1660 ποιεῖται·
1391 1600 1435 1662 διὸ
1458 1602 1507 1664 καὶ

254 1706 284 1768 αἱ
312 1705 535 1789 χειμεριώτατάι
562 1705 620 1764 τῶν
649 1703 733 1785 ώρῶν
761 1700 927 1769 άλκυονίδες
948 1700 1086 1782 λέγονται.
1131 1699 1256 1763 τίκτουσι
1279 1701 1311 1764 δὲ
1333 1703 1360 1764 οἱ
1383 1703 1434 1784 μὲν
1457 1702 1508 1765 δα-

255 1809 369 1871 λάσσιοι
390 1810 447 1868 τῶν
471 1804 594 1890 ὀρνίδων
617 1802 777 1889 ύπύχλωρα
799 1803 835 1865 τὰ
857 1801 915 1887 ώά,
936 1802 972 1866 τά
995 1804 1027 1866 δὲ
1049 1805 1263 1887 περιστεροειδὴ
1286 1805 1379 1868 πάντα
1406 1808 1505 1876 λευκά,

216 1913 275 1994 1σὴ
299 1911 331 1974 δὲ
353 1908 464 1994 κέγχρη
488 1906 561 1991 μύνὴ
584 1910 713 1992 φοινικᾶ,
740 1907 771 1968 αἱ
795 1906 827 1969 δέ
854 1907 1037 1991 μελεαγρίδες
1063 1906 1222 1989 άστερωτά.
1305 1905 1377 1989 (29)
1403 1911 1450 1972 καὶ
1472 1911 1536 1974 τὰε

257 2014 308 2097 μὲν
339 2014 523 2097 γαμψώνυχα
556 2011 604 2073 καὶ
637 2010 806 2093 σαρκοφάγα
838 2008 914 2078 ἅπαξ
950 2009 1036 2072 τίκτει
1069 2009 1116 2072 τὸν
1155 2009 1223 2073 δλον
1256 2011 1330 2095 βίον,
1370 2009 1455 2100 μάνη.
1477 2014 1509 2076 δὲ

255 2118 275 2200 ἡ
304 2117 428 2201 χελιδὼν
452 2113 526 2178 οὖσα
551 2116 609 2176 τῶν
636 2113 827 2197 σαρκοφάγων
855 2113 897 2181 δὶς
918 2112 1014 2176 τίκτει.
1100 2112 1171 2196 (30)
1198 2115 1213 2176 ύ
1237 2113 1269 2176 δὲ
1290 2113 1347 2198 γδψ
1369 2116 1509 2179 νεοττεύει

257 2220 309 2303 μὲν
342 2218 372 2281 ἐν
405 2217 537 2302 πέτραις,
570 2215 658 2279 τίκτει
690 2215 722 2278 δὲ
755 2214 815 2278 δύο.
900 2214 973 2298 (31)
1002 2216 1017 2277 δ
1049 2215 1081 2278 δὲ
1114 2216 1198 2285 άετδς
1230 2217 1294 2301 τρία
1327 2217 1379 2299 μὲν
1412 2217 1509 2295 τίκτει,

207 2511 218 2562 l
243 2509 280 2562 έτι
298 2508 336 2573 δὲ]
356 2506 436 2559 Arist·
449 2506 510 2558 hist..
523 2506 603 2557 anim.
617 2503 664 2557 Al
686 2521 711 2572 p.
724 2502 832 2554 488226
851 2502 888 2555 ἔτι
906 2502 932 2554 δέ
950 2502 1030 2574 ἡμερα
1049 2505 1092 2556 καλ
1111 2504 1196 2573 ἄγρια,
1215 2505 1258 2556 καλ
1276 2505 1307 2556 τὰ
1326 2505 1371 2573 μὲν
1389 2504 1434 2570 άεί,
1452 2506 1502 2558 οἷον
1521 2507 1563 2559 ἄν·

203 2595 306 2666 δρωπος
324 2595 368 2646 καὶ
386 2593 456 2663 ὀρεύς
474 2594 512 2646 ἀεὶ
529 2592 624 2663 ἡμερα,
645 2593 677 2644 τὰ
695 2589 715 2643 δ’
731 2591 815 2660 ἄγρια,
839 2589 923 2658 ὥσπερ
941 2590 1061 2662 πάρδαλις
1083 2592 1126 2644 καί
1144 2590 1232 2654 λύκος,
1255 2593 1286 2644 τὰ
1305 2591 1330 2644 δὲ
1349 2594 1393 2645 καὶ
1410 2594 1564 2663 ἡμεροῦσθαι

204 2685 305 2738 δύναται
323 2680 397 2752 ταχύ,
416 2680 466 2733 οίον
484 2680 574 2750 ἐλέφας
696 2679 713 2729 4
737 2679 790 2731 ἐπεὶ
809 2677 846 2747 δὲ]
866 2678 945 2730 Arist.
958 2679 1019 2731 hist.
1032 2681 1111 2732 anim.
1126 2676 1146 2732 Θ
1159 2680 1190 2730 12
1208 2696 1234 2747 ρ.
1247 2679 1357 2732 596b20
1377 2681 1402 2732 αί
1421 2681 1446 2733 δὲ
1465 2681 1563 2750 πράξεις

204 2771 289 2825 αότών
311 2768 404 2823 ἅπασαι
426 2768 482 2837 περί
498 2786 526 2820 τε
547 2768 592 2826 τὰς
614 2766 699 2836 ὀχείας
721 2767 764 2819 καὶ
787 2766 831 2824 τὰς
853 2765 984 2824 τεκνώσεις
1005 2766 1049 2818 είσλ
1068 2768 1110 2819 καί
1129 2769 1185 2835 περὶ
1207 2767 1251 2825 τὰς
1272 2767 1387 2836 εὐπορίας
1405 2774 1450 2838 τῆς
1468 2774 1564 2840 τροφὴς

205 2860 249 2912 καὶ
267 2858 328 2929 πρὸς
346 2859 377 2910 τά
395 2855 465 2926 ψύχη
485 2857 528 2908 καί
546 2855 590 2913 τὰς
608 2854 682 2912 ἀλέας
700 2854 876 2922 πεπορισμέναι
897 2853 940 2905 καὶ
958 2852 1019 2923 πρδς
1037 2854 1081 2911 τάς
1100 2854 1240 2923 μεταβολὰς
1257 2856 1301 2913 τάς
1319 2862 1371 2907 τῶν
1390 2856 1464 2927 ώριῑυν

206 2945 222 2998 9
245 2943 316 3013 ιίσλν]
335 2944 415 2996 An'st.
427 2945 489 2997 hist.
501 2944 581 2996 anim.
594 2939 645 2995 E8
667 2957 692 3009 p.
706 2941 813 2994 542219
836 2940 899 3011 ώραι
917 2941 943 2992 δέ
961 2941 1004 2992 καλ
1022 2940 1116 3010 ἡλικίαι
1133 2946 1179 3011 τῆς
1198 2942 1280 3012 ὀχείας
1299 2944 1411 3002 ἑκάστοις
1430 2945 1488 2996 εἰσὶν
1506 2943 1564 3015 ώρι-

205 3035 292 3101 σμέναι
309 3037 360 3083 τῶν
378 3032 452 3103 ζῴων
583 3029 614 3081 10
636 3028 758 3098 πτητικά]
777 3029 858 3080 Arist.
870 3024 921 3081 ES
944 3044 970 3096 p.
984 3027 1073 3081 54‘2121
1098 3029 1127 3081 τὸ
1146 3029 1172 3082 δὲ
1190 3036 1242 3082 τῶν
1260 3030 1366 3099 ὀρνίδων
1384 3033 1461 3100 γένος,
1480 3031 1564 3102 ὥσπερ

205 3119 300 3190 είρὴται
318 3120 408 3183 (Arist.
422 3120 483 3172 hist.
496 3117 575 3170 anim.
590 3113 639 3168 Ε8
660 3133 685 3184 ρ.
699 3115 832 3181 542223),
854 3115 882 3168 τδ
904 3115 1017 3168 πλεῖστον
1039 3119 1094 3186 περὶ
1117 3116 1146 3169 τδ
1170 3117 1214 3188 ἔαρ
1238 3125 1341 3171 ποιεῖται
1363 3120 1407 3171 καὶ
1425 3119 1565 3189 ἀρχομένου

205 3212 251 3260 τοῦ
269 3205 357 3276 δέρους
374 3207 421 3276 τὴν
439 3204 525 3276 ὀχείαν
542 3203 585 3256 καί
603 3204 660 3262 τοὺς
677 3203 779 3267 τόκους,
802 3203 867 3274 πλὴν
885 3203 1012 3262 ἀλκυόνος.
1042 3205 1058 3273 ἡ
1078 3203 1103 3256 ὀέ
1123 3204 1224 3257 ἀλκυών
1242 3206 1321 3258 τίκτει
1339 3208 1393 3276 περὶ
1411 3209 1503 3277 τροπὰς
1521 3208 1566 3266 τὰς

207 3295 353 3365 χειμερινάς.
389 3293 425 3345 διδ
448 3293 491 3344 καὶ
516 3291 663 3356 καλοῦνται,
686 3290 744 3344 ύταν
769 3291 880 3344 εόδιειναλ
902 3293 1022 3360 γένωνται
1045 3293 1070 3344 αί
1092 3294 1195 3362 τροπαί,
1217 3292 1356 3346 ἁλκυόνειοι
1377 3295 1480 3364 ἡμέραι,
1502 3296 1565 3347 ἑπτά

208 3383 253 3452 μέν
270 3381 319 3452 πρὸ
336 3387 436 3449 τροπῶν
455 3380 518 3433 ἑπτὰ
536 3379 562 3432 δέ
580 3381 643 3448 μετὰ
660 3381 753 3450 τροπάς
894 3379 924 3431 13
947 3379 1069 3449 τίκτουσι]
1088 3382 1169 3433 Arist.
1182 3381 1242 3433 hist.
1256 3383 1335 3434 anim.
1349 3380 1399 3434 Z2
1418 3399 1444 3450 ρ.
1458 3382 1566 3434 «559νῖ0

206 3468 388 3523 πολλαπλάσιον
412 3469 458 3538 γὰρ
483 3466 535 3537 ἔχει
557 3468 589 3519 τὰ
612 3473 665 3520 τῶν
690 3466 797 3536 ἐνύδρων
822 3465 881 3536 (ιγ’)ὀι)
904 3468 969 3519 κατὰ
997 3466 1069 3536 λύγον
1093 3467 1121 3520 τδ
1146 3468 1229 3538 ώχρδν
1253 3470 1313 3540 πρὸς
1335 3469 1364 3521 τὸ
1389 3469 1486 3522 λευκόν.
1523 3470 1566 3521 καὶ

206 3559 238 3611 τὰ
262 3556 386 3628 χρώματα
409 3555 435 3608 δὲ
458 3561 509 3607 τῶν
535 3553 594 3625 ᾠῶν
618 3554 725 3624 διαφέρει
749 3555 816 3606 κατὰ
839 3555 870 3606 τὰ
895 3555 952 3624 γένη
977 3561 1028 3607 τῶν
1054 3553 1172 3625 ὀρνίδων·
1199 3563 1251 3609 τῶν
1275 3558 1320 3624 μὲν
1344 3558 1390 3627 γὰρ
1414 3557 1491 3610 λευκά
1515 3558 1567 3609 ἐστι

89 3646 95 3665 ¹
206 3647 238 3699 τὰ
262 3643 313 3716 ῷά,
340 3643 391 3697 οἶον
414 3649 555 3713 περιστερᾶς
579 3643 623 3695 καὶ
646 3641 773 3712 πέρδικος,
800 3648 852 3694 τῶν
877 3641 896 3693 δ’
916 3642 1002 3712 ώχρά,
1029 3641 1079 3694 οίον
1106 3649 1157 3694 τῶν
1185 3645 1239 3712 περὶ
1266 3646 1311 3703 τὰς
1336 3644 1434 3712 λίμνας,
1461 3651 1513 3697 τῶν
1540 3644 1566 3696 δέ

207 3734 398 3802 κατιστιγμένα,
422 3731 473 3783 οἶον
498 3731 530 3783 τά
555 3736 607 3782 τών
635 3730 800 3800 μελεαγρίδων
827 3731 869 3782 καλ
893 3736 1032 3799 φασιανῶν·
1059 3731 1091 3782 τὰ
1115 3730 1141 3782 δέ
1165 3735 1211 3801 τὴς
1235 3732 1362 3802 κεγχρίόος
1387 3731 1478 3803 έρυδρά
1502 3733 1566 3784 ἐστιν

209 3819 293 3890 ὥσπερ
316 3819 400 3889 μθιτος
529 3817 560 3870 16
583 3817 753 3888 γαμψώνυχα]
773 3819 854 3869 Arist.
867 3818 928 3870 hist.
940 3819 1020 3869 anim.
1032 3815 1082 3870 25
1101 3835 1126 3886 p.
1137 3818 1244 3872 5631212
1267 3821 1361 3887 τὰμὲν
1379 3819 1421 3871 οδν
1440 3819 1504 3871 ἄλλα
1521 3818 1567 3872 ύσα

208 3910 354 3978 σαρκοφάγα
379 3906 426 3960 οίικ
451 3906 533 3959 ὦπται
557 3904 686 3965 πλεονάκις
710 3903 727 3974 ἡ
754 3903 819 3966 ἅπαξ
843 3905 970 3970 τίκτοντα,
994 3906 1011 3975 ἡ
1035 3905 1061 3957 δὲ
1087 3904 1192 3975 χελιδών
1216 3906 1251 3965 δὶς
1274 3906 1394 3961 νεοττεύει
1418 3907 1491 3975 μόνον
1514 3913 1567 3959 τῶν

208 3997 376 4067 σαρκοφάγων
542 3993 573 4046 17
597 3991 659 4062 γδψ]
680 3994 761 4046 Arist.
774 3994 834 4046 hist.
847 3995 925 4046 anim.
939 3991 991 4046 Ζ5
1012 4009 1037 4061 p.
1051 3991 1141 4046 56325
1167 3991 1180 4044 ὀ
1201 3992 1227 4046 δὲ
1248 3994 1298 4063 γδψ
1319 3995 1440 4047 νεοττεύει
1461 3996 1505 4064 μὲν
1527 3995 1589 4047 ἐπὶ·

209 4085 309 4155 πέτραις
330 4081 493 4153 άπροσβάτοις
631 4080 661 4133 18
688 4079 790 4148 τίκτει]ξ
799 4082 880 4134 Arist.
896 4083 914 4134 1.
926 4097 949 4134 υ.
962 4080 1067 4134 563111
1092 4081 1202 4133 τίκτουσι
1220 4080 1246 4133 δέ
1264 4081 1306 4134 δύο
1326 4081 1364 4152 ιγόά
1383 4083 1405 4134 ol
1423 4088 1497 4152 γῦπες

209 4168 292 4238 άετδς]
311 4171 389 4222 Arist.
403 4171 462 4222 hist.
475 4170 554 4222 anim.
566 4165 616 4221 Ζ6
635 4183 660 4235 ρ.
674 4167 781 4220 563117
806 4169 818 4221 δ
837 4168 856 4220 δ’
872 4168 942 4228 ἀετὸς
960 4165 1000 4238 ιγἰὰ
1018 4170 1062 4236 μὲν
1080 4169 1158 4221 τίκτει
1176 4170 1244 4238 τρία,
1262 4169 1360 4222 έκλέπει
1377 4171 1403 4223 δὲ
1421 4170 1518 4223 τούτων
1536 4171 1568 4222 τά

209 4256 267 4322 δύο,
291 4256 374 4328 ώσττερ
398 4257 449 4310 έστλ
472 4258 515 4309 καλ
538 4257 564 4308 έν
586 4263 637 4315 τοῖς
655 4252 783 4311 Μουσαίου
805 4255 945 4326 λεγομένοις
966 4256 1047 4309 ἔπεσιν
1066 4254 1113 4315 “δς
1135 4257 1191 4324 τρία
1214 4259 1258 4326 μέν
1280 4259 1371 4322 τίκτει,
1394 4257 1438 4310 δύο
1460 4257 1568 4321 ἐκλέπει,

210 4346 236 4399 ἓν
254 4343 273 4398 δ’
289 4342 411 4415 ἀλεγίζει”

212 4616 229 4670 2
253 4614 385 4687 ἄνθρωπος
403 4618 483 4670 Rose:
507 4614 635 4688 ἅνθρωποι
653 4616 673 4669 Ρ
797 4614 814 4668 3
837 4614 926 4685 ἐλέφας
945 4617 1012 4670 Rose
1030 4633 1063 4670 ex
1082 4618 1175 4670 Arist.:
1199 4617 1290 4688 ἔλαφος
1308 4619 1328 4670 Ρ
1461 4617 1492 4670 10
1515 4616 1568 4686 έαρι

213 4705 294 4757 Rose:
320 4705 373 4775 ἀέρι
390 4705 410 4758 Ρ
533 4705 560 4756 11
587 4704 650 4774 ἤπερ
668 4704 750 4756 Rose:
776 4702 835 4773 ὅπερ
853 4704 873 4755 Ρ
1000 4703 1030 4756 12
1054 4706 1147 4774 τροπάς
1165 4706 1253 4759 addidi
1272 4723 1304 4758 ex
1323 4706 1462 4758 Aristotele

217 4790 247 4844 13
271 4789 459 4851 άλκυωνίδιςΡ
588 4791 619 4845 15
644 4793 780 4861 φοινικάΡ
911 4791 947 4860 αἱ]
967 4811 983 4843 α
1000 4793 1030 4844 in
1047 4808 1136 4845 rasura
1154 4794 1186 4845 P¹
1314 4792 1468 4861 μελεαγρίδες
1486 4793 1568 4845 Rose:

214 4877 364 4949 μελϊαγρίδες
382 4880 402 4932 Ρ
530 4879 561 4931 17
586 4878 599 4932 δ
618 4880 694 4932 rubro
713 4880 877 4933 scribendum
896 4880 979 4934 om.P
