3510 5610
200 329 243 394 34
363 329 616 387 ARISTOPHANIS
635 329 818 384 HISTORIAE
837 328 1028 384 111111Αό1011
1047 329 1195 385 ΕΡΙΤΟΜΕ
1213 330 1225 384 1
1247 329 1390 385 135-146

253 498 316 585 ἔχει
339 505 368 568 έν
390 507 450 574 τοῖς
472 503 615 573 ὀπισθίοις
636 504 719 578 ποσί,
746 502 781 565 τὰ
806 502 839 566 δὲ
860 500 935 566 ἀλλα
956 501 1010 565 οόκ
1032 499 1104 587 ἔχει.
1187 500 1281 585 (136)
1306 502 1342 566 τά
1365 503 1547 590 ὀστρακό-δθ

199 619 258 663 τιον
272 605 363 689 δερμα
390 609 483 670 πάντα
508 605 586 675 δεξιά
611 605 687 681 ἐστι,
713 605 845 690 καθάπερ
872 605 998 688 κη’ρυκες
1019 604 1176 689 πορφύραι,
1206 602 1210 691 D
1238 606 1286 670 καὶ
1308 609 1426 670 κινεῖται
1448 606 1501 671 οόκ

256 709 303 771 ἐπὶ
322 709 374 792 τὴν
391 708 473 772 ἕλικα
490 705 548 772 ἀλλ’
566 708 614 770 ἐπὶ
629 709 662 771 τδ
677 706 854 791 καταντικρύ.
929 706 1022 790 (137)
1043 707 1137 792 έχῖνοι
1153 707 1208 794 (οἱ)
1227 710 1376 773 θαλάττιοι
1389 708 1502 778 εόθέως

251 814 424 895 γεννώμενοι
446 811 529 874 πέντε
552 806 601 896 ᾠὰ
623 809 740 895 έχουσι·
755 847 761 857 ι
775 808 888 892 λέγεται
915 809 947 872 δὲ
969 813 1009 879 ώς
1030 811 1225 894 διαιρούμενος
1247 811 1321 875 κατὰ
1344 811 1431 896 μέρος
1453 812 1528 876 καλε

226 911 408 998 οάριόμενος
428 914 469 983 είς
486 915 537 998 τὴν
556 913 706 976 θάλασσαν
723 912 839 976 δύναται
854 915 906 995 ζῆν
929 913 977 976 καὶ
997 913 1145 996 νέμεσθαι.
1218 913 1312 997 (138)
1335 913 1422 998 μόνος
1442 919 1501 978 τῶν

253 1013 339 1101 ζῴων
361 1018 377 1080 ό
399 1014 490 1084 τέττιξ
512 1015 606 1099 στόμα
631 1015 685 1078 οόκ
706 1012 783 1100 ἔχει,
810 1012 874 1077 ἀλλ’
894 1013 1000 1099 έίοχήν
1022 1039 1084 1078 τινα
1109 1018 1303 1100 γλωσσοειδῆ,
1329 1013 1350 1100 ᾖ
1374 1018 1500 1102 ἀναλαμ-

254 1120 348 1204 βάνων
377 1120 429 1203 τὴν
459 1117 561 1204 δρόσον
591 1117 737 1203 τρέφεται·
775 1116 888 1200 λέγεται
917 1117 950 1180 δὲ
979 1121 1020 1188 ώς
1048 1117 1117 1182 οόδδ
1145 1120 1312 1205 περίττωμα
1340 1116 1413 1205 ἔχει.

251 1221 344 1304 (139)
371 1222 401 1284 αἱ
423 1221 536 1306 ἀκρίδες
558 1220 592 1283 οό
613 1220 786 1303 φθέγγονται
812 1225 854 1304 τῷ
878 1219 1013 1303 στόματι,
1039 1221 1075 1284 τὰ
1100 1222 1133 1284 δὲ
1158 1221 1250 1307 πτερά
1275 1223 1501 1308 παρατρίβουσαι

251 1323 345 1409 ψόφον
367 1324 549 1387 ἀποτελοῦσι.
630 1322 723 1407 (140)
749 1327 807 1386 τών
830 1321 954 1406 ἐνύδρων
976 1322 1013 1386 τὰ
1034 1323 1129 1407 θήλεα
1151 1329 1208 1388 τῶν
1230 1325 1358 1410 ἀρρένων
1382 1326 1501 1408 μείζονά
1513 1343 1542 1385 ιο

215 1442 241 1487 ιο
254 1427 325 1491 ἐστι.
401 1425 495 1510 (141)
517 1430 574 1489 τῶν
596 1431 712 1510 πτηνῶν
735 1426 765 1488 αί
787 1422 899 1487 αἴθυιαι
920 1425 969 1488 καὶ
989 1425 1004 1487 ό
1028 1427 1183 1510 χαραδριδς
1205 1428 1291 1512 κωφοί
1312 1427 1402 1492 ἐστιν·
1433 1429 1500 1494 οὔτε
1609 1428 1616 1441 “

251 1532 306 1616 γὰρ
331 1528 486 1615 φθέγγεται
511 1526 578 1591 οὔτε
604 1528 712 1591 ἀκούει.
796 1526 889 1610 (142)
916 1525 1002 1609 μόνος
1027 1528 1043 1591 ὁ
1070 1524 1135 1613 ὄφις
1160 1530 1213 1612 τὴν
1240 1531 1371 1614 κεφαλὴν
1397 1532 1438 1602 είς
1464 1533 1500 1597 τά

251 1634 345 1697 ὀπίσω
367 1631 482 1717 στρέφει
504 1635 555 1694 τού
570 1629 641 1694 όλου
662 1633 798 1714 σώματος
819 1630 1037 1714 ἀκινητίίοντος.
1113 1630 1207 1714 (143)
1230 1630 1303 1717 μόνη
1326 1634 1500 1718 ἡπάρδαλις

252 1736 285 1799 τδ
306 1734 394 1819 ἀκρον
416 1739 469 1817 τῆς
490 1732 577 1818 οόρᾶτ
599 1739 670 1797 κινεῖ
690 1739 743 1818 τῆς
764 1732 835 1815 όλητ
859 1731 946 1816 οὐρᾶς
969 1732 1196 1817 ἀκινητιίούσης.
1274 1733 1369 1818 (144)
1394 1738 1414 1820 ἡ
1436 1736 1500 1823 ἔχις
1513 1755 1540 1796 ιο

252 1836 326 1922 μόνη
342 1840 399 1900 τών
416 1835 511 1922 ὄφεων
527 1840 675 1920 ζῳοτοκεῖ.
746 1834 840 1918 (145)
862 1835 897 1897 τὰ
917 1834 1027 1918 μέλανα
1046 1838 1110 1919 ζῷα
1124 1839 1182 1898 τῶν
1197 1839 1310 1900 λευκῶν
1327 1838 1500 1925 ίσχυρότερά

213 1956 239 2002 ιό
254 1941 323 2004 ἐστι.
408 1937 502 2021 (146)
532 1937 569 2002 τὰ
597 1937 704 2020 ἄναιμα
732 1940 790 2000 τῶν
820 1935 905 2021 ζῴων
934 1937 1117 2022 διαιρούμενα
1147 1941 1255 2020 μᾶλλον
1285 1943 1343 2003 τῶν
1373 1941 1499 2027 ἐναίμων

196 2113 344 2123 ——-...-

199 2215 222 2267 1.
234 2213 250 2265 2
268 2212 300 2265 τὰ
318 2209 516 2282 ὀστρακόδερμα]
535 2209 615 2262 Arist.
628 2213 690 2262 mot.
702 2210 781 2262 anim.
795 2209 811 2262 5
827 2226 853 2277 p.
862 2208 971 2261 7062213
988 2210 1020 2262 τά
1032 2209 1182 2280 στρομβώδη
1195 2217 1246 2263 τῶν
1264 2210 1472 2285 ὀστρακοδέρμων
1485 2215 1553 2278 δεξιά

197 2297 270 2354 πάντ’
286 2299 359 2352 ἐστίν.
395 2297 424 2351 οίι
442 2299 489 2368 γὰρ
508 2299 548 2351 ἐπὶ
565 2297 612 2367 τὴν
630 2295 715 2368 ἑλίκην
733 2303 849 2361 κινεῖται,
872 2295 924 2349 ἀλλ’
940 2297 980 2350 ἐπὶ
998 2296 1027 2349 τό
1045 2299 1196 2368 καταντικρύ
1214 2300 1294 2351 πάντα
1317 2302 1478 2373 προέρχεται,
1500 2304 1552 2357 οίον

196 2386 320 2458 πορφύραι
338 2387 381 2437 καὶ
400 2386 509 2457 κήρυκες
640 2384 656 2437 3
680 2384 768 2455 ἐχῖνοι]
788 2386 867 2437 Arist.
880 2385 941 2436 hist.
954 2385 1033 2436 anim.
1046 2381 1094 2437 Δ5
1112 2401 1138 2453 p.
1152 2384 1260 2439 530234
1283 2386 1335 2440 ἔστι
1353 2387 1380 2441 δέ
1397 2391 1455 2460 γένη
1475 2390 1553 2445 πλείω

196 2480 248 2528 τῶν
272 2474 373 2544 έχίνων,
395 2473 421 2525 ἓν
444 2473 489 2542 μὲν
512 2473 541 2526 τό
562 2469 716 2540 ἐσθιόμενον·
740 2477 815 2524 τούτο
836 2469 855 2524 δ’
871 2468 936 2524 έστίν
956 2471 982 2523 έν
1005 2469 1025 2541 ᾦ
1045 2472 1075 2523 τά
1094 2470 1236 2542 καλούμενα
1255 2472 1295 2543 dd
1317 2474 1413 2544 μεγάλα
1435 2477 1554 2547 ἐγγίνεται

198 2564 242 2615 καὶ
260 2561 383 2630 ἐδώδιμα,
406 2560 499 2630 όμοίως
517 2561 543 2612 έν
561 2560 654 2629 μείζοσι
675 2561 718 2612 καὶ
740 2558 878 2612 ἐλάττοσιν·
903 2560 946 2611 κοιλ
964 2560 1010 2630 γάρ
1029 2557 1102 2617 εόθδς
1121 2559 1157 2611 ἔτι
1175 2562 1259 2632 μικροὶ
1278 2560 1346 2622 ὀντες
1364 2563 1448 2633 έχουσι
1466 2570 1553 2619 ταῦτα.

196 2649 213 2703 5
234 2667 260 2718 p.
273 2647 381 2703 530b29
406 2648 454 2701 δπδ
477 2647 503 2700 δέ
518 2648 572 2717 ’τὴν
594 2646 690 2699 κοιλίαν
713 2647 739 2699 έν
761 2645 830 2717 ἀλλῳ
853 2645 923 2714 ὑμένι
944 2647 975 2698 τὰ
995 2645 1138 2715 καλούμενα
1159 2646 1198 2717 ηίά
1220 2649 1298 2713 ἐστιν,
1322 2648 1362 2702 ίσα
1384 2652 1426 2703 τὸν
1447 2650 1554 2723 ἀριθμόν

197 2736 257 2789 όντα
276 2738 301 2789 ἐν
319 2742 404 2789 πᾶσιν·
429 2737 502 2788 πέντε
520 2736 566 2803 γάρ
585 2735 636 2787 ἐστι
654 2733 683 2788 τό
700 2730 797 2803 πλῆθος
814 2734 858 2785 καὶ
876 2735 984 2802 περιττά.
1016 2733 1048 2785 cf.
1067 2751 1093 2802 p.
1107 2732 1214 2786 530229
1329 2738 1476 2808 4λίγεται]
1496 2740 1553 2794 ΑοΙ.

196 2828 251 2877 nat.
264 2825 344 2875 anim.
358 2824 396 2876 lx
408 2822 443 2875 47
462 2839 488 2890 p.
501 2819 584 2887 235st
598 2820 630 2872 H.
651 2821 708 2878 τοὺς
729 2821 826 2890 ἐχίνους
847 2820 882 2872 έτι
904 2821 1000 2880 ζῶντας
1021 2822 1064 2873 καί
1082 2822 1107 2873 έν
1125 2829 1175 2880 τοῖς
1194 2822 1323 2894 ὀστράκοις
1341 2824 1414 2885 όντας
1432 2828 1475 2878 καὶ
1493 2846 1553 2897 προ.

197 2911 363 2982 βεβλημένους
384 2911 416 2963 τά
438 2911 530 2979 κέντρα
553 2907 576 2961 εί
595 2927 632 2967 τις
654 2907 786 2977 συντρίψας
807 2910 851 2960 καί
873 2906 1001 2979 διαρρίψας
1023 2909 1048 2966 ές
1070 2909 1117 2978 τὴν
1139 2907 1265 2963 θάλατταν
1288 2911 1349 2965 ἀλλο
1373 2912 1437 2984 άλλη
1460 2913 1553 2985 τρύφος

197 2997 338 3061 καταλίποι,
355 2998 387 3049 τά
405 2996 431 3049 δέ
450 2997 498 3069 ἄρα
516 2997 660 3066 συνέρχεται
678 2992 749 3053 αὖθις
768 2996 810 3047 καὶ
829 2995 926 3047 ένούται
944 2995 1029 3047 καὶτὸ
1047 2997 1158 3065 συγγενὲς
1175 2995 1278 3069 θρέμμα
1296 3001 1400 3069 ἀνέγνω,
1417 3004 1461 3055 καὶ
1479 3018 1552 3074 προσ-

197 3085 323 3138 πλακέντα
350 3086 449 3154 συνέρα.
485 3085 528 3135 καὶ
555 3082 688 3153 ὁλόκληροι
715 3083 821 3150 γίνονται
847 3081 918 3152 φύσει
945 3083 992 3134 τινὶ
1019 3079 1151 3154 θαυμαστῇ
1179 3086 1223 3137 καὶ
1247 3084 1295 3155 ίδίγι
1318 3085 1397 3146 αὖθις.
1435 3088 1553 3159 υ1.ορρ.

197 3173 256 3225 Hal.
270 3171 344 3224 1318
457 3170 474 3223 5
497 3170 583 3239 μόνος]
602 3170 682 3223 Arist.
694 3170 755 3222 hist.
768 3165 906 3221 animM
926 3186 951 3237 p.
964 3168 1074 3222 532b10
1095 3169 1109 3222 ό
1127 3170 1153 3223 δέ
1171 3171 1252 3233 τέττιξ
1270 3172 1345 3241 μόνον
1361 3180 1414 3226 τῶν
1431 3176 1553 3229 τοιούτων

197 3261 241 3312 καλ
263 3265 314 3312 τῶν
337 3257 420 3311 ἄλλων
442 3259 515 3329 ζῴων
537 3259 617 3326 στόμα
640 3256 687 3310 υίνκ
709 3256 774 3326 ἔχει,
797 3255 849 3308 ἀλλ’
865 3254 916 3308 οίον
937 3263 988 3315 τοῖς
1011 3254 1210 3329 ὀπισθοκέντροις
1231 3259 1262 3313 τό
1284 3260 1456 3330 γλωττοειδές,
1478 3269 1552 3317 τοῦτο

197 3346 293 3418 μακρόν
316 3348 359 3399 καὶ
382 3347 490 3416 συμφυές
513 3349 556 3399 καί
577 3345 745 3415 ἀδιάσχιστον,
767 3342 800 3396 δι’
815 3342 844 3394 οὗ
867 3347 900 3413 τῇ
921 3343 1001 3414 δρόσῳ
1019 3346 1135 3414 τρέφεται
1153 3346 1241 3414 μόνον·
1265 3349 1291 3400 έν
1309 3347 1335 3400 δέ
1353 3353 1385 3419 τῇ
1404 3349 1486 3421 κοιλίᾳ
1504 3351 1552 3404 οίικ

196 3433 259 3505 ίσχει
276 3435 420 3503 περίττωμα
531 3433 548 3485 8
571 3433 596 3485 αἱ
613 3429 722 3501 ἀκρίδες]
742 3431 821 3483 Arist.
835 3431 896 3483 hist.
909 3431 988 3483 anim.
1001 3427 1051 3484 Δθ
1072 3449 1097 3500 p.
1110 3432 1216 3486 5351111
1242 3435 1268 3487 α1
1286 3434 1305 3487 δ’
1321 3436 1418 3505 ἀκρίδες
1435 3446 1487 3498 τοῖς
1504 3458 1553 3510 mp-

196 3520 288 3580 ὀαλίοις
305 3521 432 3591 τρίβουσαι
446 3526 542 3574 ποιοῦσι
560 3519 602 3573 τόν
620 3519 702 3589 ψόφον
814 3516 829 3569 9
852 3524 904 3569 τῶν
922 3517 1042 3588 ἀνύδρων]
1061 3520 1141 3572 Arist.
1153 3521 1307 3590 hist.,anim.
1320 3521 1341 3576 A
1355 3525 1384 3576 ll
1404 3542 1431 3595 p.
1443 3525 1552 3580 538225

197 3610 223 3662 έν
241 3609 267 3662 δέ
284 3616 335 3667 τοῖς
354 3606 473 3677 ιύοτόκοις
491 3608 596 3666 καὶτοῖς
614 3605 825 3676 σκωληκοτόκοις,
844 3605 894 3657 οίον
912 3605 938 3657 έν
950 3623 977 3658 τε
989 3613 1040 3663 τοῖς
1058 3603 1142 3676 έχθόσι
1159 3611 1203 3661 καὶ
1219 3610 1326 3664 ἐπὶτῶν
1344 3612 1456 3681 έντόμων
1474 3613 1552 3682 μείζω

196 3697 229 3750 τὰ
245 3694 325 3767 θήλεα
343 3702 395 3749 τῶν
414 3697 523 3766 ἀρρένων
542 3695 606 3747 ἐστίν
713 3693 745 3746 10
766 3699 817 3745 τῶν
835 3692 949 3763 πτηνῶν]
967 3693 1037 3745 unde
1055 3693 1135 3747 haec?
1163 3696 1238 3748 aliter
1255 3699 1337 3751 Arist.
1349 3699 1410 3752 hist.
1423 3698 1549 3754 anim.ll
1635 3701 1638 3707 ’

196 3783 323 3852 ρ.61581
348 3783 400 3837 ἔστι
417 3782 437 3837 δ’
452 3782 466 3836 ό
484 3782 616 3854 χαραδριός
634 3782 677 3834 καί
694 3782 740 3852 τὴν
759 3781 836 3851 χρόαν
854 3783 897 3833 καὶ
915 3781 961 3851 τὴν
980 3781 1067 3851 φωνὴν
1085 3781 1178 3851 φαυλος
1309 3787 1338 3839 ll
1364 3786 1451 3854 μόνος]
1470 3789 1552 3842 Arist.

196 3871 257 3923 hist.
269 3868 381 3924 anim.A
395 3872 424 3924 11
445 3889 471 3940 p.
484 3869 589 3924 6911231
614 3869 674 3922 ἴδιον
692 3869 718 3922 δέ
737 3869 799 3941 πρὸς
814 3870 847 3922 τὰ
864 3872 967 3938 συγγενῆ
985 3874 1037 3921 τῶν
1056 3869 1128 3940 ζῴων
1146 3869 1251 3941 ὑπάρχει
1268 3880 1319 3932 τοῖς
1341 3873 1412 3945 όφεσι
1432 3875 1461 3928 τό
1483 3878 1552 3948 στρέ-

197 3976 250 4028 φειν
268 3960 314 4029 τὴν
328 3958 445 4029 κεφαλὴν
463 3959 497 4015 ε1τ
513 3953 645 4010 τοῦπισθεν
662 3958 813 4028 ἠρεμοῦντος
830 3961 875 4009 τοῦ
893 3957 981 4009 λοιποῦ
998 3956 1123 4025 σώματος.
1153 3959 1186 4010 οἱ.
1204 3955 1226 4011 Β
1242 3959 1271 4011 12
1290 3978 1315 4029 p.
1329 3961 1437 4015 504216

199 4045 230 4097 12
248 4045 323 4117 μόνη]
343 4043 412 4098 cf.B
430 4045 507 4114 §251
625 4044 656 4096 13
678 4045 695 4115 ἡ
714 4043 777 4114 έχις]
797 4045 877 4097 Arist.
890 4044 950 4096 hist.
965 4041 1016 4096 d6
1035 4061 1061 4112 p.
1072 4044 1183 4097 490b24
1206 4047 1229 4098 οί
1246 4047 1291 4116 μέν
1309 4048 1380 4104 ἄλλοι
1398 4048 1551 4120 ώοτοκοῖισιν

197 4131 272 4203 όφεις,
290 4134 307 4203 ἡ
325 4132 344 4186 δ’
360 4132 444 4204 ἔχιδνα
462 4133 537 4201 μόνον
556 4133 676 4202 ζῳοτοκεῖ
782 4133 813 4184 14
837 4132 868 4184 τά
886 4130 992 4201 μέλανα]
1011 4133 1092 4184 Arist.
1106 4133 1137 4185 de
1154 4133 1232 4186 color.
1250 4151 1276 4203 p.
1290 4135 1378 4189 798b1
1400 4130 1432 4191 τά
1450 4138 1551 4193 πλεῖστα

195 4227 247 4272 τῶν
265 4221 338 4290 ζώων
356 4218 517 4292 ἀσθενέστερα
535 4220 625 4289 γίνεται
642 4221 674 4272 τά
692 4218 768 4272 λευκά
779 4225 837 4272 τών
851 4218 964 4288 μελάνων
1066 4219 1097 4272 15
1115 4220 1147 4272 τὰ
1159 4220 1263 4290 ἄναιμα]
1283 4222 1362 4276 Arist.
1373 4229 1433 4278 mot.
1444 4225 1551 4280 anim]

196 4324 221 4374 p.
237 4306 344 4358 707224
366 4313 418 4359 τών
437 4307 545 4379 μὲνγὰρ
564 4308 671 4375 ἐναίμων
689 4306 759 4359 οὐδὲν
777 4307 810 4365 είς
828 4306 905 4359 πλείω
927 4305 1094 4375 διαιρούμενον
1112 4305 1214 4359 δύναται
1235 4309 1281 4378 ζῆν
1299 4309 1389 4364 οὐθένα
1407 4314 1497 4383 χρόνον
1516 4313 1552 4373 ὡς

195 4395 287 4446 εἰπεῖν.
298 4429 305 4443 .
315 4429 322 4443 .
332 4401 383 4446 τῶν
401 4393 421 4447 δ’
437 4395 548 4464 ἀναίμων
560 4414 587 4447 τε
605 4395 648 4447 καὶ
666 4393 812 4447 πολυπόδων
830 4394 882 4446 ένια
899 4393 1055 4463 διαιρούμενα
1071 4392 1172 4447 δύναται
1191 4396 1236 4466 ζῆν
1250 4397 1327 4450 πολὺν
1345 4400 1433 4469 χρόνον
1451 4402 1551 4471 ἑκάστῳ

195 4487 247 4534 τών
265 4487 348 4552 μερῶν
366 4483 409 4534 καὶ
427 4480 547 4536 κινεῖσθαι
563 4482 610 4552 τὴν
628 4481 707 4552 αὑτὴν
725 4482 802 4552 ἤνπερ
820 4483 863 4534 καὶ
881 4483 937 4553 πρίν
955 4478 1106 4551 διαιρεθῆναι
1124 4483 1219 4553 κίνησιν

196 4720 212 4774 2
231 4721 339 4792 κήρυκες
356 4720 479 4791 πορφύραι
492 4722 525 4773 P:
542 4723 651 4793 κήρυκες
668 4722 712 4774 καλ
730 4720 853 4793 πορφύραι
866 4722 970 4789 Sauppe
1054 4723 1070 4775 3
1088 4724 1135 4794 τὴν
1153 4723 1224 4777 έλικα
1235 4724 1351 4793 Sauppe:
1370 4725 1414 4779 τὸν
1432 4726 1504 4780 έλικα
1516 4729 1550 4781 P:

195 4809 238 4863 τὸν
257 4808 327 4862 ἕλικα
345 4810 413 4862 Rose
535 4810 576 4862 ἐπὶ
597 4809 626 4861 τό
646 4810 725 4862 Rose:
750 4811 790 4862 ἐπὶ
810 4810 853 4862 τὸν
872 4811 891 4862 P
1015 4810 1037 4861 οί
1059 4812 1160 4864 addidit
1177 4813 1245 4865 Roso
1372 4815 1404 4866 10
1424 4814 1512 4868 αίθυαι
1529 4817 1549 4868 Ρ

177 4915 181 4921 ·
199 4897 238 4950 10.
253 4899 283 4950 ll
306 4894 363 4950 οίιτε
381 4898 426 4967 γάρ
446 4897 479 4948 l':
504 4895 560 4949 οόδέ
579 4899 624 4967 γὰρ
642 4898 747 4950 exhibet
766 4899 833 4950 δοκε
961 4897 991 4950 15
1016 4899 1107 4968 ἄναιμα
1127 4901 1206 4952 Roso:
1231 4900 1318 4969 έναιμα
1337 4902 1357 4954 Ρ
