3524 5596
305 273 559 327 ARISTOPIIANIS
577 274 763 327 HISTORIAE
781 274 974 327 ANIMALHJM
992 274 1140 327 ΕΡΙΤθθΕ
1159 274 1181 325 11
1202 272 1351 327 305-314
1466 274 1508 339 99

203 468 281 509 νεται
306 444 355 509 καὶ
379 450 423 531 τῷ
451 445 520 530 θηρὶ
546 444 578 508 τὸ
608 443 612 529 )
640 442 722 529 ὄμμα
744 444 794 513 όξύ
816 468 848 508 τε
870 446 919 507 καὶ
941 446 1059 527 πλάγιον
1082 446 1224 529 καὶπρὸς
1246 446 1368 530 ἑκάτερα
1391 445 1510 507 τάιοπιι

204 547 278 634 μέρη
301 547 402 633 ῥέπον,
425 548 510 631 ήνίκα
531 549 564 612 δὲ
585 549 698 634 πλήρης
720 547 782 611 ἐστὶ
805 548 853 611 καὶ
874 546 1015 616 εὔκυκλος
1037 546 1095 632 ήδη
1122 550 1169 611 καὶ
1193 549 1455 635 συγκεκροτημένη,

203 648 268 713 τότε
301 652 337 734 δὴ
371 651 488 713 κάκεῖνο
521 652 684 720 κυκλοειθὲς
717 650 748 714 ἐν
781 649 838 735 ίσῳ
873 652 986 735 πέφυκε
1018 655 1060 735 τῷ
1095 652 1225 735 σχήματι
1256 651 1380 737 βλέπειν.

203 752 297 836 (306)
324 754 370 815 ἀεὶ
399 754 432 817 δὲ
462 753 659 838 ἀιεγρηγόρασι
689 752 725 816 τά
754 754 879 835 σκυμνία
909 754 956 816 καὶ
986 753 1069 816 οὐδὲν
1099 750 1133 815 ἀν
1161 753 1257 816 αὐτῶν
1287 754 1382 836 θεάση
1412 760 1454 838 τῷ

175 854 286 941 ούττνῳ
309 858 446 940 κάτοχον.
480 856 506 918 εί
527 858 580 939 γάρ
596 879 623 918 τι
645 856 681 938 δὴ
705 856 753 919 καὶ
776 857 945 932 ύπνώσειεν,
968 854 1027 918 ἀλλ’
1044 855 1123 939 αὐτῷ
1144 859 1248 923 πάντες
1263 856 1455 940 ἐραλλόμενοι

205 957 393 1027 καταξανούσι
416 958 482 1027 τούς
509 959 679 1043 όφθαλμοὺς
705 958 752 1021 οἷα
780 959 815 1041 δή
842 959 890 1021 καὶ
918 960 1107 1042 χλευάζοντες
1134 962 1175 1027 ὡς
1202 960 1315 1027 ἀνάξιον
1346 960 1376 1023 όν
1404 966 1456 1042 τῆς

204 1060 352 1143 τεκούσης.
442 1061 535 1145 (307)
557 1062 665 1146 ἐχθρὸν
689 1062 721 1124 δὲ
743 1060 840 1130 αὐτοῖς
863 1062 895 1123 τό
919 1061 1017 1144 μύρον,
1040 1061 1172 1144 καθάπερ
1196 1060 1253 1144 ἀρα
1275 1060 1386 1147 πέφυκε
1408 1064 1456 1125 καὶ

204 1162 284 1247 γυψί·
311 1169 401 1227 ταῦτα
422 1166 456 1227 δὲ
477 1165 525 1227 καὶ
548 1166 612 1247 περὶ
635 1164 739 1233 ἰκτίόος
762 1165 788 1225 οἱ
804 1166 906 1227 πολλοὶ
927 1162 1069 1246 λέγουσιν,
1092 1165 1147 1227 εἰσὶ
1171 1164 1203 1225 δὲ
1218 1165 1245 1226 οἳ
1268 1168 1312 1248 τῳ
1329 1165 1456 1250 αἰλούρῳ)

207 1264 288 1351 μόνῳ
311 1269 466 1351 προσήκειν
489 1266 584 1351 φασίν.

164 1381 193 1425 10
287 1367 381 1450 (308)
410 1366 696 1453 Ἀριστοφάνους.
735 1366 800 1433 Ὅτι
823 1369 907 1433 ύαινά
929 1368 989 1431 ἐστι
1012 1369 1063 1453 μὲν
1087 1371 1135 1433 καὶ
1157 1370 1231 1454 αὐτὴ
1255 1370 1456 1455 καρχαρόδους

207 1470 256 1533 καὶ
278 1472 472 1555 πολυσχιδής,
495 1471 647 1556 πορεύεται
670 1473 702 1535 δὲ
724 1472 797 1535 κατά
820 1473 980 1555 διάμετρον.
1080 1472 1173 1555 (309)
1200 1473 1401 1555 ἀνατμηθεῖσα
1425 1476 1458 1536 ἀὲ

205 1572 241 1635 τὰ
260 1572 340 1639 ἐντός
359 1570 423 1656 ἔχει
441 1572 528 1657 ύμοια
547 1573 627 1657 λύκῳ
642 1575 717 1656 πλὴν
740 1578 791 1638 τοῦ
807 1575 927 1657 ἥπατος,
950 1579 1034 1637 τοῦτο
1057 1574 1089 1637 δὲ
1106 1575 1194 1637 ύικόν.
1281 1575 1373 1658 (310)
1396 1574 1459 1660 ἔχει

206 1676 240 1737 δὲ
261 1676 309 1738 καὶ
329 1675 386 1737 ύπό
402 1676 453 1759 τἠν
469 1676 570 1761 κέρκον
586 1676 622 1739 τὰ
637 1677 733 1740 αἰδοῖα
754 1678 802 1739 καὶ
817 1679 832 1740 ό
848 1676 938 1760 ἄρρην
961 1678 1009 1740 καὶ
1024 1678 1043 1759 ή
1061 1677 1166 1759 θήλεια
1188 1678 1237 1740 καὶ
1253 1678 1456 1762 περισσότερόν

207 1800 269 1841 τινα
289 1776 378 1840 τύπον
400 1775 539 1860 ἔγκοιλον,
562 1778 651 1863 πόρον
675 1780 715 1861 μὴ
737 1776 845 1863 ἔχοντα’
866 1800 945 1862 φασι.
1035 1779 1128 1861 (311)
1150 1781 1260 1842 κοιλίαν
1284 1782 1316 1843 δὲ
1337 1779 1401 1865 ἔχει
1424 1782 1456 1843 τό

165 1894 193 1940 15
206 1880 330 1965 μέγεθος
356 1880 439 1943 ύαινα
464 1880 559 1949 κυνός.
659 1880 753 1963 (312)
780 1878 844 1965 ἔχει
865 1882 898 1944 δὲ
920 1882 968 1943 καὶ
991 1881 1093 1965 χαίτην
1120 1883 1221 1965 ὁμοίαν
1244 1883 1338 1967 ἵππῳ·
1373 1884 1458 1947 ἐπιτί·

207 1986 289 2047 θεται
312 1984 344 2045 ἀὲ
366 1984 526 2067 ἀνθρώπῳ).
565 1983 631 2053 τούς
654 1984 686 2047 δὲ
708 1984 794 2051 κύνας
816 1984 929 2066 ἐμοῦσα
951 1984 1067 2067 θηρεύει
1090 1984 1253 2068 μιμουμένη
1275 1988 1325 2049 τὸν
1348 1986 1458 2070 ἀνθρω-

205 2109 269 2149 πον.
313 2084 427 2168 λέγεται
452 2087 485 2149 δὲ
511 2088 558 2149 καὶ
585 2087 787 2171 τυμβωρυχεῖν
809 2087 842 2148 τὸ
866 2090 943 2170 ζιρον
966 2090 1059 2149 τοῦτο.
1160 2086 1254 2171 (313)
1281 2088 1317 2151 τά
1338 2090 1370 2152 δὲ
1394 2090 1458 2172 περὶ

209 2188 262 2271 τἠν
284 2188 386 2271 κύησιν
408 2190 457 2252 καὶ
480 2187 585 2257 ἔκτεξιν
609 2189 695 2256 κυνὸς
717 2190 809 2251 πάντα
830 2186 902 2273 ἔχει.

292 2291 386 2374 (314)
423 2289 494 2355 Τού
521 2289 699 2355 Αίλιανοῦ.
744 2289 784 2354 Ἣ
815 2292 912 2361 ύαινα,
943 2292 983 2358 ὡς
1008 2286 1213 2376 Ἀριστοτέλης
1239 2295 1332 2376 λέγει,
1363 2294 1392 2357 ἐν
1420 2317 1457 2375 τη

165 2396 343 2478 υυάριστερᾷ
365 2394 441 2477 χειρὶ
463 2390 526 2478 ἔχει
548 2392 666 2477 δύναμιν
690 2392 859 2465 ύπνοποιόν,
881 2392 929 2455 καὶ
951 2392 1132 2475 ἐνεργάζεται
1155 2398 1242 2481 κάρον
1266 2396 1351 2479 μόνον
1374 2416 1458 2480 προσ-

208 2498 343 2579 θιγοῦσα·
374 2496 488 2577 πάρεισι
509 2500 577 2578 γοῦν
600 2496 629 2565 ἐς
652 2496 687 2558 τά
709 2495 794 2558 αύλια
817 2496 964 2567 πολλάκις,
987 2497 1035 2558 καὶ
1058 2498 1124 2560 όταν
1149 2499 1257 2583 ἐντύχη
1280 2500 1333 2562 τινὶ
1356 2500 1459 2562 καθεύ-

208 2602 285 2664 δοντι
300 2599 503 2682 προσελθοῦσα
518 2599 673 2683 ήσυχάζει,
697 2600 749 2682 τήν
765 2622 795 2661 τε
812 2597 976 2671 ύπνοποιόν,
999 2602 1041 2667 ὡς
1056 2598 1090 2662 ἀν
1105 2599 1207 2677 εἴποις,
1226 2608 1313 2687 χεῖρα
1329 2602 1459 2684 ὑπέθηκε

229 2707 245 2721 k
276 2703 284 2720 Ι

208 2726 246 2786 τη
274 2702 341 2787 ρινί,
368 2702 384 2763 ὁ
411 2700 443 2763 δὲ
469 2701 583 2763 ἕλκεται
609 2703 656 2764 καὶ
682 2700 824 2775 πιέζεται,
849 2702 869 2785 ή
897 2701 1060 2783 δὲμᾶλλον
1084 2704 1254 2788 ἀναισθήτῳ
1277 2703 1364 2768 ἔοικε.
1409 2707 1457 2768 καὶ

207 2805 302 2887 ἐκείνη
325 2803 377 2887 μὲν
393 2802 544 2887 ὑπορύττει
565 2804 616 2886 τὴν
632 2808 685 2887 γῆν
702 2803 757 2865 ὑπὸ
773 2809 810 2887 ιη
827 2806 941 2888 κεφαλή
958 2804 988 2873 ἐς
1004 2810 1149 2882 τοσοῦτον,
1173 2807 1203 2875 ἐς
1217 2806 1285 2871 όσον
1301 2808 1458 2871 ἀνέκλασεν

153 3012 172 3063 4
186 3008 470 3079 121]Timoth.p.·2·2‚7
484 3010 579 3078 Haupt.
596 3008 632 3061 ότι
645 3009 668 3061 υί
680 3006 784 3077 σκύμνοι
797 3008 959 3078 φυλάττουσιν
974 3009 1096 3081 ἀλλήλους
1113 3013 1138 3065 ἐν
1150 3017 1188 3083 τῳ
1201 3010 1336 3065 καθεύδειν.
1362 3013 1404 3065 έάν
1420 3012 1446 3066 δέ
1459 3032 1512 3065 τινα

152 3096 237 3151 ῐθωσιν
255 3113 270 3139 ⁵
289 3113 305 3139 θ
324 3113 339 3139 ⁰
360 3096 580 3165 διασπαράττουσιν
598 3095 681 3148 αὐτόν.
711 3098 773 3155 τινὲς
791 3096 914 3150 δὲταῦτα
933 3098 1029 3168 λέγουσι
1047 3101 1102 3169 περὶ
1120 3104 1166 3170 τῆς
1184 3100 1283 3163 1κτιδος,
1302 3101 1356 3170 ἥτις
1374 3100 1471 3170 λέγεται
1487 3103 1513 3153 ἐν

153 3188 187 3255 τῇ
205 3185 315 3255 ἡμετέρᾳ
333 3181 450 3253 σννηθείᾳ
467 3182 582 3253 σίλουρος
690 3184 721 3235 1⁸2
742 3184 805 3255 ἔχει]
824 3186 905 3237 Arist.
919 3186 978 3238 hist.
992 3188 1071 3239 anim.
1085 3186 1107 3239 Z
1121 3186 1154 3238 32
1173 3204 1198 3255 ρ.
1212 3188 1320 3239 57912113
1344 3191 1399 3259 περὶ
1417 3189 1442 3240 δὲ
1461 3196 1513 3240 τῶν

154 3272 256 3325 αίόοίων
274 3270 288 3323 ἀ
305 3270 415 3340 λέγεται,
439 3270 474 3328 ὡς
493 3270 545 3341 ἔχει
562 3272 662 3342 ἀρρενος
681 3272 723 3324 καὶ
741 3270 855 3341 θηλείας,
878 3272 967 3342 ψεῦδός
990 3276 1063 3327 ἐστιν.
1099 3272 1151 3327 ἀλλ’
1168 3276 1219 3345 ἔχει
1241 3276 1269 3327 τό
1288 3277 1333 3343 μὲν
1352 3282 1396 3327 τοῦ
1414 3278 1514 3345 ἄρρενος

154 3358 240 3429 ὅμοιον
261 3361 300 3429 τῷ
323 3364 375 3410 τῶν
397 3357 483 3409 λύκων
505 3360 548 3410 καὶ
571 3365 623 3411 τῶν
646 3366 741 3423 κυνῶν,
764 3360 793 3412 τό
815 3360 841 3412 δὲ
865 3359 955 3412 δοκοῦν
977 3361 1079 3431 θηλείας
1102 3362 1162 3415 εἶναι
1185 3362 1306 3415 ὐποκάτιυ
1328 3366 1374 3431 μὲν
1395 3365 1447 3433 ἔχει
1469 3370 1514 3433 τῆς

155 3447 257 3517 κέρκου,
275 3444 446 3515 παραπλήσιον
465 3444 484 3496 δ’
500 3446 552 3498 ἐστὶ
570 3450 607 3515 τῷ
627 3448 737 3517 σχήματι
754 3450 791 3517 τῷ
809 3451 854 3499 τοῦ
873 3446 976 3516 θήλεος,
994 3449 1041 3501 ούκ
1061 3449 1112 3519 ἔχει
1131 3451 1216 3517 μέντοι
1235 3450 1322 3502 οὐδένα
1340 3452 1429 3521 πόρον·
1454 3451 1514 3503 ύπο-

155 3536 228 3586 κάτω
246 3532 266 3585 δ’
281 3534 347 3585 έστλν
365 3532 442 3585 αύτού
461 3532 474 3585 ὁ
492 3538 538 3602 τῆς
556 3535 729 3603 περιττόνσεως
747 3536 829 3604 πόρος.
860 3536 876 3605 η
895 3534 921 3587 δὲ
941 3534 1028 3604 θήλεια
1046 3534 1119 3588 ύαινα
1135 3537 1187 3607 ἔχει
1206 3539 1250 3605 μὲν
1269 3540 1311 3589 καὶ
1330 3539 1359 3590 τὸ
1380 3538 1464 3605 ὅμοιον
1477 3546 1513 3608 τῳ

154 3626 201 3691 τῆς
222 3618 324 3691 θηλείας
345 3620 471 3690 λεγομένῳ
493 3620 592 3691 αίόοίῳ,
615 3622 666 3693 ἔχει
688 3622 708 3674 θ’
725 3622 809 3693 ὥσπερ
833 3622 846 3675 ό
869 3623 946 3693 άρρην
970 3622 1030 3675 αὐτὸ
1054 3622 1174 3677 ύποκάτιυ
1197 3630 1242 3695 τῆς
1265 3628 1370 3693 κέρκου,
1395 3628 1469 3696 πόρον
1492 3626 1510 3678 δ’

155 3708 243 3761 ούδένα
262 3708 327 3779 ἔχει·
353 3707 417 3774 μετὰ
435 3708 460 3758 δέ
478 3712 553 3759 τοῦτο
572 3708 585 3759 ό
606 3714 652 3778 τῆς
673 3711 845 3779 περιττιύσειύς
865 3712 915 3763 ἐστι
936 3712 1024 3779 πόρος,
1046 3711 1167 3765 ὑποκάτω
1188 3714 1214 3764 δὲ
1236 3713 1324 3765 τούτου
1346 3714 1374 3766 το
1395 3714 1514 3783 ἀληθινόν

155 3796 247 3849 αἰδοῖον
355 3795 387 3847 15
405 3794 507 3863 χαίτην]
526 3796 607 3847 Arist.
624 3797 640 3848 l.
654 3814 675 3847 ι’..
688 3796 736 3849 Θῖ)
753 3815 778 3865 ρ.
789 3799 894 3851 594131
915 3798 942 3850 όν
961 3798 987 3850 δὲ
1006 3799 1123 3851 καλοῦσιν
1141 3800 1164 3851 οἱ
1183 3802 1227 3867 μὲν
1240 3800 1328 3869 γλάιον
1347 3804 1369 3853 οἰ
1388 3802 1407 3854 δ’
1420 3801 1514 3866 ύαιναν,

157 3882 209 3935 [στι
227 3884 272 3949 μέν
289 3882 318 3935 τό
337 3880 443 3951 μέγεθος
458 3882 504 3933 ούκ
525 3881 635 3935 ἐλάττων
653 3882 739 3949 λύκου,
757 3886 847 3956 χαίτην
866 3885 885 3937 δ’
898 3887 950 3954 ἔχει
968 3886 1051 3957 ὥσπερ
1069 3888 1151 3951 ἵππος,
1170 3892 1213 3941 καὶ
1231 3890 1267 3941 ἔτι
1286 3888 1453 3959 σκληροτέρας
1472 3890 1515 3940 καὶ

158 3968 296 4041 βαθυτέρας
313 3971 358 4028 τὰς
376 3971 471 4039 τρίχας.
488 3972 532 4021 καὶ
550 3970 606 4021 καθ’
620 3969 680 4041 όλης
698 3976 743 4041 τῆς
762 3972 873 4043 ῥάχεως
896 3973 1048 4043 ἐπιβουλεύει
1066 3974 1092 4026 δέ
1110 3976 1153 4027 καὶ
1166 3975 1266 4045 θηρεύει
1284 3977 1341 4035 τούς
1357 3976 1513 4049 ἀνθρόιπους,

156 4058 215 4115 τούς
232 4057 258 4109 δέ
277 4055 353 4115 κύνας
371 4058 415 4109 καὶ
433 4058 526 4125 ἐμοῦσα
545 4055 644 4129 θηρεύει
663 4058 748 4128 ὥσπερ
760 4062 783 4112 01
801 4061 942 4130 ἅνθρωποι·
964 4063 1007 4113 καί
1024 4062 1186 4131 τυμβωρυχεῖ
1202 4062 1228 4115 δὲ
1247 4064 1376 4132 ἐφιέμενον
1393 4070 1439 4135 τῆς
1457 4081 1514 4133 σαρ-

157 4146 279 4213 κοφαγίας
296 4149 343 4214 τῆς
361 4142 476 4213 τοιαύτης
592 4146 623 4198 19
642 4152 686 4199 τοῦ
706 4145 835 4217 ιλίλιανού]
855 4149 1162 4201 .1e1.nat.a111m.1'114
1181 4152 1217 4218 (ρ.
1235 4150 1350 4215 144,4-
1361 4152 1392 4203 18
1412 4153 1514 4216 ΙΙειιΙι.)

158 4269 259 4277 -—.
272 4269 316 4275 .-
340 4270 525 4277 .-—-......—
536 4272 555 4276 —

158 4334 263 4389 θούόέν
281 4335 311 4387 ἂν
329 4334 413 4387 αὐτῶν
429 4337 535 4403 scripsi:
554 4336 641 4388 ούὸένα
660 4336 689 4388 ἂν
708 4336 783 4390 αύτόν
802 4340 822 4391 1)
923 4338 1000 4408 θεάτη
1019 4340 1056 4391 εἰς
1078 4340 1098 4390 1)
1200 4342 1215 4391 5
1234 4360 1258 4392 τι
1275 4340 1380 4408 scripsi:
1400 4360 1438 4394 τοι
1458 4343 1478 4394 1)

158 4420 227 4491 αύτῷ
245 4422 350 4491 scripsi:
370 4422 431 4475 αὐτὸ
448 4423 469 4474 1)
560 4424 575 4475 θ
594 4423 624 4493 δὴ
642 4426 747 4492 scripsi:
767 4424 831 4477 ὀὲΙ)
921 4426 974 4477 6.”ι
993 4431 1039 4496 της
1056 4425 1177 4495 τεκούσης
1193 4428 1298 4493 scripsi:
1317 4432 1350 4498 τῇ
1368 4428 1474 4499 τεκούση
1493 4431 1514 4481 1)

159 4508 277 4567 ’ίαύτυῐς
293 4510 398 4577 scripsi:
418 4510 502 4562 αὐτῶν
518 4511 539 4562 1)
631 4512 661 4563 13
680 4511 756 4563 οίόυῖα
772 4514 791 4564 1)
883 4514 914 4564 11
933 4514 993 4582 φασί
1006 4514 1039 4565 1):
1058 4514 1166 4568 fortasse
1183 4513 1252 4584 φύσει
1346 4516 1379 4567 22
1398 4517 1516 4587 ήσυχάζει

159 4596 206 4665 τήν
221 4614 250 4649 τε
269 4598 304 4649 D:
327 4598 444 4667 ήσυχάίει
463 4597 505 4649 καὶ
524 4598 570 4666 τήν
589 4599 658 4651 λτ1.ι
682 4599 799 4667 ήυυχοίζιι
817 4602 860 4651 καὶ
879 4600 973 4653 dele-vit
991 4602 1103 4654 nen-hor
1230 4603 1262 4655 23
1286 4603 1384 4655 ἕλκεται
1403 4606 1425 4655 Ι)
1444 4606 1515 4657 λελι

160 4684 263 4753 ἀγχιται
279 4685 392 4737 Πειοθετ
409 4685 482 4748 (latet
501 4682 614 4753 θέλγεται
633 4686 703 4737 Diels
725 4686 757 4738 «ef.
775 4688 843 4739 infra
861 4687 1008 4755 ρ.108,“.)ῖ)
1116 4690 1132 4759 η
1151 4690 1177 4742 δὲ
1196 4691 1289 4757 μᾶλλον
1307 4692 1341 4743 1);
1363 4691 1516 4761 καὶμᾶλλον

160 4771 229 4823 λελι
247 4770 357 4824 fortasse
375 4772 438 4823 latet
457 4773 499 4823 καὶ
517 4772 560 4841 δηε
586 4776 669 4823 totum
687 4773 770 4824 locum
790 4774 883 4827 delevit
905 4776 1014 4827 Hvrchvr
1121 4777 1153 4829 ‘24
1177 4778 1323 4850 ύπορρύττει
1341 4780 1362 4831 1)
1469 4782 1515 4849 τὴν

159 4862 207 4927 γῆν
223 4858 271 4927 τἠν
289 4858 338 4911 ύπό
355 4859 412 4911 ΑεΙ.
536 4859 561 4917 ές
580 4860 606 4917 ἐς
623 4864 741 4911 τοσοῦτον
760 4860 781 4911 1)

1270 4952 1315 5016 7*
