3510 5610
193 271 235 336 56
371 267 622 323 ARISTOPIIANIS
639 267 823 320 ntsrosrsrt
841 265 1034 321 ANIMALIUM
1054 265 1201 319 ΕΡΙΤΟΜΕ
1219 268 1244 320 11
1263 266 1375 320 79-81

246 441 362 505 δύναται
386 443 481 525 δὲμὴ
504 442 592 504 πίνειν
616 440 726 525 ἡμέρας
747 440 898 524 τέσσαρας.
983 439 1056 523 (80)
1080 444 1214 523 κοιμᾶται
1234 440 1266 503 δέ
1287 440 1384 526 ύρθύς,
1407 464 1496 525 παρα·

246 544 343 612 κλίνας
358 542 471 619 ἑαυτόν,
491 543 549 628 ούχ
564 543 608 607 δτι
623 544 735 628 κάμψαι
750 543 784 606 ού
800 543 926 616 δύναται,
946 544 1079 628 καθάπερ
1094 544 1167 613 τινὲς
1182 541 1337 627 ὑπέλαβον,
1357 544 1434 606 ἀλλὰ
1449 544 1497 607 διὰ

244 646 277 708 τὸ
300 647 389 732 βάρος
414 652 457 732 τῷ
481 647 685 728 συγκαθίσαντι
707 646 730 728 ψ
753 647 793 730 μὴ
817 645 945 714 εύκύλως
967 645 1176 714 ἐξανίστασθαι.
1272 645 1343 727 (81)
1372 646 1497 729 ἀκμάζει

247 748 279 811 δέ
301 750 317 812 ὁ
340 749 446 834 ἐλέφας
468 748 541 811 ἐτῶν
563 746 714 831 γενόμενος
737 749 883 833 ἑξήκοντα.
985 745 1046 810 ἔστι
1072 748 1104 811 δὲ
1130 749 1261 832 δύσριγαν
1288 749 1320 811 τδ
1344 753 1422 833 ξῷον
1448 750 1497 812 καὶ

219 852 441 937 υπορέυύμενον
464 849 500 914 δι’
522 850 640 928 ύδατος,
666 852 699 913 τδ
722 851 754 913 δὲ
777 852 867 935 βάθος
890 852 966 914 ὥστε
994 851 1034 933 μὴ
1058 850 1155 935 βρέξαι
1181 852 1229 913 τδν
1253 857 1394 935 μυκτῆρα.
1438 857 1497 914 νεῖν

247 955 300 1040 γὰρ
323 955 357 1018 ού
381 955 510 1018 δύναται·
537 953 571 1016 ού
594 953 648 1037 γὰρ
671 953 719 1016 ἐπὶ
741 954 815 1017 πολύ
838 951 969 1039 ἔσχισται
991 952 1056 1021 τούς
1078 953 1248 1023 δακτύλους·
1275 952 1372 1022 άλλως
1394 954 1426 1016 δέ
1448 955 1497 1016 καὶ

247 1058 349 1122 διὰτὸ
372 1062 460 1146 βάρος
482 1063 533 1122 τοῦ
556 1059 700 1138 σώματος.
793 1056 865 1139 (82)
894 1061 947 1140 ζῆν
970 1056 1002 1119 δέ
1024 1077 1109 1140 φασιν
1131 1056 1218 1119 αύτδν
1241 1057 1268 1119 οί
1291 1056 1343 1138 μἐν
1366 1055 1498 1120 διακόσια

250 1157 312 1245 ἔτη,
335 1164 362 1224 ot
385 1163 418 1226 δέ
440 1164 544 1226 ἐκατδν
566 1159 683 1224 εἴκοσιν.

333 1264 405 1347 (83)
432 1261 498 1331 Ὅτι
519 1267 649 1346 γεννᾶται
675 1260 750 1325 κατὰ
772 1262 900 1345 κεφαλὴν
923 1261 1042 1346 ἐλέφας,
1070 1259 1131 1330 ἴσος
1158 1262 1198 1324 ὢν
1225 1261 1255 1324 ἐν
1283 1265 1326 1346 :qi
1350 1262 1497 1332 τίκτεσθαι

208 1381 234 1425 ιο
247 1367 320 1429 κατὰ
347 1368 479 1452 δέλφακα
505 1369 556 1452 τὴν
585 1365 731 1448 μεγίστην.
780 1370 831 1448 μιᾷ
859 1365 891 1428 δὲ
921 1365 1006 1449 μητρὶ
1033 1364 1126 1426 πολλὰ
1155 1364 1355 1447 ἐλεφαντίσκια
1382 1364 1497 1427 ἕπεται·

247 1469 274 1531 εἰ
297 1469 330 1532 δὲ
352 1471 516 1555 προσάψαιο
538 1474 596 1532 τῶν
619 1468 744 1552 βρεφῶν,
766 1468 796 1529 αἱ
819 1467 941 1551 μητέρες
962 1466 1044 1529 οὐδὲν
1068 1468 1270 1549 ἀγανακτοῦσι.
1308 1471 1420 1530 συνιᾶσι
1441 1467 1496 1550 γὰρ

248 1569 292 1633 ὅτι
321 1573 362 1655 μὴ
390 1573 437 1635 ἐπὶ
466 1571 545 1654 λύμη
573 1570 593 1654 ἢ
621 1571 738 1634 κολάσει
763 1594 804 1639 τις
833 1569 966 1654 ἐπιψαύει
996 1567 1107 1644 αὐτῶν,
1135 1570 1210 1632 ἀλλὰ
1239 1570 1497 1654 φιλοφρονούμενοι

252 1674 357 1743 πάντες
379 1677 427 1738 καὶ
449 1673 663 1741 κολακεύοντες.

332 1776 405 1859 (84)
437 1773 539 1844 Ούτως
564 1774 596 1838 δέ
618 1775 679 1838 ἐστι
704 1775 737 1838 τδ
765 1779 842 1859 ξιμον
868 1774 1049 1859 φιλύτεκνον,
1076 1775 1152 1837 ὥστε
1174 1777 1193 1857 ἡ
1218 1778 1314 1860 μήτηρ
1336 1776 1368 1838 τύ
1392 1774 1499 1860 βρέφος

211 1893 237 1938 15
251 1878 292 1947 είς
313 1880 422 1963 τάφρον
445 1878 570 1960 ἐμπεσὸν
591 1877 757 1961 θεασαμένη
780 1877 917 1960 ἐκθύμως
938 1880 986 1940 καὶ
1005 1878 1174 1959 περιπαθῶς
1193 1876 1340 1961 ἐξέδραμε,
1362 1877 1499 1942 καὶκατὰ

250 1987 301 2044 τοῦ
324 1981 426 2050 παιδδς
447 1980 538 2062 αὑτὴν
561 1981 636 2044 ὦσεν
658 1981 700 2049 είς
722 1983 864 2064 κεφαλήν·
895 1982 942 2043 καὶ
965 1979 1055 2064 ἄμφω
1078 1979 1151 2042 κατὰ
1173 1978 1275 2042 ταύτδν
1298 1981 1460 2055 ἀπώλοντο,
1482 1982 1499 2044 ύ

255 2085 307 2168 μὲν
329 2088 372 2168 τῷ
398 2083 478 2168 βάρει
500 2087 553 2166 της
575 2084 682 2168 μητρδς
704 2083 875 2158 ἐκπιεσθείς,
898 2107 916 2165 η
940 2083 1045 2166 δὲτὴν
1068 2083 1198 2166 κεφαλὴν
1221 2083 1333 2153 ἀίξασα.

199 2343 210 2393 l
236 2339 357 2394 δύναται.
371 2336 541 2408 ..τέσσαρας]
561 2337 641 2390 Arist.
654 2339 715 2390 hist.
728 2338 807 2390 anim.
822 2335 870 2391 88
888 2337 1033 2405 p.5951›31
1061 2339 1077 2408 ἡ
1096 2337 1122 2390 δὲ
1144 2337 1257 2406 κάμηλος
1279 2339 1342 2390 πίνει
1362 2337 1431 2408 ἥδιον
1449 2335 1555 2408 θολερὸν

197 2429 241 2481 καὶ
264 2425 347 2496 παχύ,
370 2425 419 2478 ούδ’
435 2425 483 2478 ἀπὸ
501 2431 553 2477 τῶν
572 2432 693 2493 ποταμῶν
711 2426 829 2498 πρότερον
848 2427 911 2479 πίνει
929 2425 944 2497 ἡ
964 2426 1119 2492 συνταράξαι.
1153 2424 1254 2477 δύναται
1275 2424 1293 2477 δ’
1309 2426 1401 2484 ἄποτος
1422 2423 1556 2494 ἀνέχεσθαι

196 2517 240 2569 καλ
262 2516 382 2583 τέσσαρας
400 2512 507 2582 ἡμέρας
529 2514 560 2566 dc
579 2513 675 2566 camelo
697 2514 767 2566 dicta
788 2518 921 2581 excerptor
940 2514 971 2565 ad
991 2514 1157 2580 elephantum
1175 2513 1322 2578 transtulit,
1344 2513 1375 2566 dc
1394 2528 1445 2581 quc
1464 2517 1556 2580 postca

197 2601 350 2655 Aristotcles
372 2601 487 2668 loquitur
652 2603 781 2668 κοιμᾶται]
803 2600 858 2653 λεί,
870 2604 925 2651 nat.
937 2602 1016 2652 anim.
1031 2600 1063 2651 tv
1076 2599 1106 2652 31
1128 2603 1163 2667 (p.
1176 2600 1239 2664 94‚1
1260 2601 1364 2666 Horeb.)
1389 2596 1506 2652 καθεύδει
1527 2617 1554 2668 γε

197 2691 248 2760 μὴν
266 2686 433 2757 ὀρθοστάδην·
458 2686 638 2757 κατακλινῆναι
656 2687 701 2757 γάρ
720 2687 763 2739 καλ
782 2687 943 2756 ἐξαναστῆναι
961 2686 1067 2756 ἐργῶδες
1086 2685 1163 2755 αύτιγῖ.
1196 2687 1228 2738 rr.
1247 2688 1326 2740 Arist.
1341 2689 1400 2739 trist.
1412 2689 1492 2739 anim.
1505 2685 1552 2740 Bl

197 2793 222 2846 p.
235 2775 326 2829 49818
350 2774 364 2827 δ
382 2772 402 2825 δ’
417 2773 506 2844 ἐλέφας
525 2774 573 2845 σύγ
591 2773 626 2833 ιύς
645 2774 728 2844 ἔλεγάν
746 2793 823 2832 τινες.
845 2773 908 2826 ἀλλὰ
927 2772 1067 2842 συγκαθίζει
1089 2774 1132 2825 καὶ
1150 2775 1259 2840 κάμπτει
1277 2775 1308 2826 τὰ
1327 2773 1418 2843 σκέλη,
1441 2773 1507 2842 πλὴν
1525 2773 1554 2827 ού

197 2864 298 2918 δύναται
315 2862 355 2915 διά
373 2861 402 2914 τὸ
422 2861 495 2932 βάρος
515 2860 555 2914 ἐπ’
566 2862 700 2934 ἀμφύτερα
719 2861 784 2930 άμα,
806 2861 858 2913 ἀλλ’
873 2862 1030 2913 άνακλίνεται
1051 2860 1067 2931 ἢ
1087 2861 1127 2913 ἐπὶ
1148 2861 1179 2912 τά
1201 2860 1318 2929 εύιίινυμα
1336 2861 1352 2930 ἡ
1372 2862 1411 2913 ἐπὶ
1429 2862 1461 2913 τά
1479 2860 1554 2926 δεξιοί,

197 2953 240 3005 καλ
262 2949 378 3003 καθεύδει
400 2949 426 3002 ίν
448 2947 530 3017 τούτῳ
551 2952 589 3019 τῷ
611 2950 734 3019 σχήματι,
758 2950 868 3014 κάμπτει
889 2949 915 3001 δέ
936 2950 967 3000 τὰ
989 2947 1089 3000 ὀπίσθια
1111 2947 1187 3017 σκέλη
1211 2946 1295 3019 ὥσπερ
1317 2947 1450 3018 ἅνθρωπος

197 3040 213 3092 3
230 3036 349 3107 ἀκμάζει]
364 3038 421 3091 Aet.
433 3037 451 3088 l.
462 3054 483 3089 c.
497 3039 532 3103 (p.
543 3036 608 3102 94,3
621 3037 724 3100 Herch.)
742 3037 812 3106 ἀκμὴ
825 3037 851 3089 δέ
864 3036 978 3105 ἐλέφαντι
991 3036 1113 3105 ἑξήκοντα
1126 3034 1179 3103 ἔτη.
1204 3034 1236 3087 cf.
1251 3036 1330 3089 Arist.
1340 3038 1400 3089 hist.
1410 3038 1489 3089 anim.
1500 3034 1510 3089 l
1520 3037 1555 3090 16

198 3145 223 3197 p.
238 3126 348 3180 6301‘24
373 3125 493 3192 ἀκμάζειν
515 3123 541 3176 δὲ
563 3124 619 3193 περὶ
640 3123 684 3194 ἐτη
707 3122 828 3192 ἑξήκοντα
971 3125 987 3175 4
1012 3121 1135 3195 δύσριγον]
1158 3122 1237 3174 Arist.
1256 3123 1272 3174 i.
1287 3140 1308 3175 c.
1328 3120 1385 3175 146
1407 3141 1432 3192 p.
1446 3124 1556 3177 630125

197 3214 258 3285 πρὸς
275 3213 301 3266 ct
319 3213 377 3270 τούς
394 3218 521 3282 χειμῶνας
539 3211 626 3264 καὶτὰ
644 3211 713 3282 ψύχη
727 3211 838 3281 δύσριγον
857 3211 925 3264 εἶναι.
954 3210 985 3264 cf.
1002 3210 1057 3261 Acl.
1071 3215 1125 3261 nat.
1139 3211 1217 3262 anim.
1231 3211 1265 3262 IV
1276 3210 1307 3263 31
1328 3213 1364 3278 (p.
1375 3209 1438 3273 914
1452 3213 1557 3276 Ilerch.)

198 3305 288 3373 κρυμιβ
307 3301 332 3353 δὲ
352 3298 444 3369 ὁμιλεῖν
463 3298 566 3369 ἥκιστύς
584 3299 635 3352 ἐστι
740 3299 794 3351 4.5
817 3301 860 3352 καλ
878 3297 1053 3368 πορευόμενον]
1074 3298 1154 3349 Arist.
1171 3299 1188 3349 l.
1202 3313 1224 3349 c.
1242 3313 1267 3364 p.
1278 3295 1386 3349 6301227
1405 3306 1509 3352 ποιεῖται
1528 3299 1555 3352 δέ

198 3391 241 3443 καλ
259 3388 299 3441 διά
317 3393 361 3439 τοῦ
380 3385 469 3444 ύδατος
487 3387 534 3455 τὴν
553 3386 666 3456 πορείαν,
687 3385 735 3444 ἐως
752 3385 841 3438 τούτου
860 3386 886 3438 δὲ
904 3387 1050 3455 προέρχεται
1069 3384 1116 3442 ἕως
1136 3385 1166 3436 ἃν
1185 3383 1198 3436 δ
1217 3385 1316 3456 μυκτὴρ
1335 3383 1445 3455 ύπερέχη
1465 3386 1556 3439 αύτού·

198 3477 313 3546 ἀναφυσᾷ
325 3475 371 3543 γάρ
384 3473 424 3526 διὰ
435 3472 525 3525 τούτου
538 3475 581 3526 καὶ
593 3473 639 3542 τὴν
652 3473 777 3542 ἀναπνοὴν
796 3481 905 3527 ποιεῖται.
932 3479 981 3525 νεῖν
1000 3470 1019 3524 δ’
1032 3471 1061 3523 ού
1081 3473 1144 3523 πάνυ
1162 3471 1264 3523 δύναται
1276 3471 1356 3524 διὰτὸ
1375 3476 1419 3524 τού
1439 3473 1557 3540 σώματος

199 3563 283 3633 βάρος.
314 3561 346 3614 ci.
364 3561 421 3614 Aer.
437 3561 455 3613 1.
468 3577 490 3614 c.
503 3560 534 3613 31
555 3564 590 3629 (p.
604 3559 645 3624 93,
653 3559 687 3612 20
704 3562 808 3624 Herch.)
933 3560 948 3611 ’ί
971 3560 1027 3628 ζῆν]
1046 3561 1127 3611 Arist.
1144 3559 1162 3610 1.
1175 3576 1197 3612 c.
1216 3574 1241 3625 p.
1254 3556 1363 3610 630b2‘2
1388 3560 1433 3628 ζῆν
1452 3559 1478 3612 δὲ
1497 3578 1556 3629 φασι

198 3650 242 3703 τδν
260 3649 383 3718 ἐλέφαντα
401 3647 424 3701 ci
443 3649 488 3715 μὲν
507 3648 551 3719 ίτη
569 3648 691 3711 διακόσια,
710 3649 733 3700 οἱ
751 3647 770 3699 δ’
784 3647 873 3700 ἑκατὸν
892 3646 977 3711 εἴκοσι,
996 3649 1038 3699 καὶ
1056 3647 1102 3715 τἠν
1122 3645 1225 3715 θηλειαν
1244 3644 1283 3696 ίτα
1302 3644 1390 3715 σχεδὸν
1408 3651 1446 3716 τιμ·
1464 3648 1556 3719 α’ρρενι.

199 3737 232 3791 σί.
252 3737 332 3789 Arist.
351 3732 468 3789 scos
489 3734 644 3803 11596211.
675 3737 731 3788 Aet.
750 3736 847 3788 l.c.31
872 3738 907 3801 (p.
921 3735 987 3799 9114
1006 3735 1109 3794 Herclr.)
1252 3732 1268 3784 9
1293 3730 1330 3783 ύτι
1351 3734 1476 3804 γεννᾶται]
1499 3737 1556 3790 rel.

199 3825 215 3876 l.
229 3839 251 3877 c.
265 3822 374 3876 111127
393 3823 743 3892 (p.216,13-20Hereh.)
761 3824 871 3875 τίκτεται
890 3822 978 3891 ἐλέφας
997 3821 1062 3874 κατὰ
1080 3822 1126 3891 τὴν
1144 3820 1258 3890 κεφαλὴν
1277 3820 1403 3890 ἐκπηδῶν,
1421 3823 1450 3875 τύ
1468 3822 1494 3876 δὲ
1513 3825 1556 3891 μέ·

198 3908 272 3980 γιθύς
291 3910 342 3962 ἐστι
360 3914 405 3962 τοῦ
423 3909 571 3975 τικτομένου
590 3911 656 3962 κατὰ
675 3909 787 3979 δέλφακα
804 3911 851 3980 τὴν
869 3911 986 3980 μεγίστην
1125 3909 1155 3960 14
1179 3906 1271 3976 οὕτως]
1294 3907 1326 3960 ci.
1345 3909 1401 3961 Aet.
1420 3910 1438 3961 1.
1452 3926 1473 3962 c.
1488 3910 1556 3964 txs

198 4001 235 4067 (p.
248 3997 308 4064 220,
314 3996 478 4072 23-2521,4
495 3997 599 4062 Herch.)

199 4228 215 4281 3
243 4225 420 4297 συγκαθίσαντι
442 4230 548 4297 scripsi:
575 4225 760 4297 συγκαθησαντι
783 4228 804 4280 Ι)
980 4228 1016 4295 μὴ
1041 4225 1153 4284 εύκόλως
1177 4232 1335 4294 corruptum.
1377 4229 1493 4293 suspicor
1519 4229 1556 4298 μὴ

200 4312 303 4368 κύκολον
321 4316 360 4367 vei
380 4316 416 4386 μὴ
436 4313 539 4368 εύκολον
557 4313 585 4367 δν
607 4314 640 4367 ci.
659 4314 784 4366 Ac1.1.c.
908 4314 925 4366 4
949 4314 1060 4382 δύσριγον
1079 4315 1169 4381 scripsi
1190 4331 1222 4366 cx
1242 4315 1334 4366 Arist:
1358 4313 1470 4383 δύσρισον
1488 4315 1510 4367 Ι)

200 4401 399 4471 5πορευύμενον
417 4405 522 4472 scripsi:
542 4402 744 4473 πορευόμενοςλ)
843 4410 893 4454 νεῖν
911 4403 1005 4469 scripsi
1024 4418 1057 4453 cx
1077 4403 1168 4453 Arist:
1188 4406 1231 4452 νύν
1251 4403 1272 4454 11
1374 4402 1405 4453 10
1422 4400 1503 4454 πολλὰ
1521 4403 1555 4455 D:

200 4487 277 4541 πλείω
297 4489 353 4541 sel.
486 4490 583 4553 ἕπεται,
606 4493 679 4561 φασίν
698 4491 754 4543 tel.
891 4490 917 4541 ll
946 4491 967 4542 εί
985 4489 1011 4542 δὲ
1031 4488 1129 4558 βούλοιο
1147 4495 1200 4540 τῶν
1219 4489 1318 4559 βρεφῶν
1336 4490 1457 4558 νεογύνων
1476 4488 1557 4541 ὄντων

200 4575 374 4645 προσάψασθαι
393 4578 450 4630 Aet
574 4580 754 4648 ἀγανακτοῦσιν
772 4576 834 4629 ἀλλά
853 4577 911 4628 ἐῶσι
931 4577 985 4630 Art
1113 4576 1245 4628 συνίασιί)
1377 4576 1408 4628 12
1433 4577 1497 4647 μήτε
1515 4578 1557 4630 ἐπὶ

199 4663 267 4733 λύμη
287 4681 322 4720 τις
341 4663 456 4733 ἐπιψαύει
475 4665 615 4735 (ίπιψαύσει
632 4666 755 4728 llcrchcr)
773 4664 857 4716 αύτῶν
876 4665 940 4733 μήτε
959 4665 999 4716 ἐπὶ
1018 4663 1117 4717 κολάσει
1137 4663 1192 4714 λοί.
1298 4663 1328 4714 1ss
1350 4664 1429 4733 αὐτὴν
1448 4666 1556 4732 scripsi:

200 4750 279 4819 αύτην
300 4751 319 4802 ί)
429 4744 438 4759 “
459 4753 488 4805 17
514 4757 550 4823 τῷ
570 4753 637 4825 βάρει
656 4753 761 4820 scripsi:
785 4751 814 4804 τὸ
834 4751 907 4821 βάρος
927 4752 947 4802 θ
1083 4752 1098 4822 η
1118 4751 1143 4802 δὲ
1157 4786 1163 4798 .
1178 4785 1184 4799 .
1198 4786 1204 4799 .
1218 4750 1304 4811 αίξασα
1323 4769 1356 4803 cx
1376 4755 1431 4804 Aci.
1451 4754 1557 4821 scripsi:

201 4837 443 4900 ύδὲ..-άῖξαςέ)
