3510 5610
198 305 239 344 xn
338 313 343 321 ·
773 294 972 349 PRAEFATIO
1056 372 1060 377 Ι

196 464 293 531 immo
316 486 392 533 vero
416 465 468 529 ubi
491 465 573 545 forte
595 466 637 532 de
658 467 842 534 auctoribus
868 466 937 533 eihs
958 466 1037 533 satis
1059 473 1196 549 constat,
1229 466 1373 532 velutin
1396 466 1477 552 (lap.
1496 466 1550 551 11,

198 605 295 649 unum
318 593 350 651 et
372 586 508 651 alterum
535 585 624 669 sequi
651 586 800 669 cernitur,
832 607 937 670 neque
958 592 1009 652 est
1034 606 1090 652 eur
1111 590 1220 670 plnres
1246 585 1276 651 ei
1297 585 1442 653 adfuisse
1462 586 1550 653 cred-

197 722 288 767 amus
318 703 371 787 (cf.
393 704 479 770 Rose
506 706 618 770 anecd.
646 706 702 772 Gr.
719 709 748 772 1.
770 727 801 789 p.
817 705 882 792 26).
926 714 1023 790 atque
1051 712 1086 771 ut
1119 706 1221 771 dicam
1247 705 1334 788 qnod
1361 705 1476 790 sentio,
1510 724 1551 772 ea

196 827 245 886 est
266 821 417 887 universa
440 822 533 888 huius
555 823 627 889 libri
650 825 806 909 condicio,
840 834 874 890 ut
896 846 976 908 qnos
997 825 1030 890 in
1053 843 1187 907 corpore
1209 824 1316 907 operis
1339 824 1387 889 sui
1412 822 1548 890 Priscia-

197 959 256 1003 nus
279 940 389 1005 citavit
414 951 571 1026 auctores,
606 944 665 1010 hos
692 944 770 1009 mihi
797 966 861 1009 non
887 945 975 1028 ipsos
1001 943 1084 1009 inter
1110 941 1311 1009 scribendum
1336 941 1437 1008 oeulis
1460 962 1548 1007 usur-

197 1079 302 1142 passe,
335 1060 393 1125 sed
419 1060 462 1125 ab
494 1060 567 1124 aliis
593 1058 658 1123 iam
684 1071 879 1129 memoratos
912 1069 944 1129 et
968 1062 1056 1145 apud
1081 1061 1163 1126 alios
1195 1061 1358 1126 invenisse
1389 1060 1548 1127 videatur.

196 1198 280 1261 quae
302 1178 328 1244 si
344 1200 422 1246 rora
444 1190 493 1247 est
517 1182 635 1266 opinio,
658 1192 690 1249 et
713 1184 855 1250 eiusdem
871 1188 958 1248 certe
979 1179 1100 1245 fraudis
1122 1201 1187 1245 non
1209 1181 1326 1247 desunt
1344 1181 1433 1264 apud
1448 1179 1549 1245 Grae-

196 1298 285 1362 culos
307 1301 465 1381 exempla,
490 1301 727 1385 Hippocratem,
751 1301 955 1368 Posidonium
972 1300 1173 1381 Strabonem,
1198 1299 1367 1382 Plotinum,
1390 1298 1549 1364 nobilissi-

196 1437 266 1481 mos
288 1416 470 1502 scriptores,
489 1414 558 1485 'non
579 1421 649 1504 ipse
672 1423 803 1504 legerat.
847 1440 927 1503 quos
949 1426 1056 1484 autem
1078 1417 1201 1500 legerit,
1224 1417 1250 1482 si
1266 1417 1484 1483 coniecturam
1507 1418 1549 1484 de

197 1556 232 1601 re
255 1544 321 1601 tam
343 1537 441 1602 dubia
463 1546 495 1603 et
518 1539 653 1604 obscura
674 1540 828 1623 requiras,
859 1539 890 1603 hi
914 1539 982 1604 fere
1004 1544 1079 1602 sunt
1100 1556 1180 1618 quos
1201 1536 1400 1619 potissimum
1423 1537 1551 1604 videtur

197 1654 230 1719 in
254 1656 471 1722 solutionibus
494 1659 670 1725 condendis
692 1657 876 1724 adhibuisse
897 1667 1059 1724 auctores:

398 1777 477 1860 Cap.
528 1778 553 1842 l.
607 1776 812 1859 lamblichus,
840 1778 983 1843 Proelus.

421 1948 434 1976 ,
510 1898 552 1962 ll.
608 1897 806 1979 Aristoteles,
829 1896 1081 1980 Theophrastus.

421 2067 434 2095 „
494 2017 551 2081 lll.
608 2015 807 2098 Aristoteles,
831 2016 1083 2099 Theophrastus.

422 2185 435 2214 ,
498 2134 550 2200 lV.
606 2133 770 2200 Geminus.
1083 2140 1086 2146 '

423 2304 436 2333 ‚‚
513 2255 551 2321 V.
607 2254 749 2336 Scriptor
769 2254 919 2322 incertus.

423 2424 436 2453 ,
497 2372 550 2440 VI.
607 2372 750 2458 Scriptor
771 2375 920 2456 incertus,
943 2373 1061 2455 deinde
1082 2372 1284 2440 Aristoteles.

422 2542 435 2569 ,
481 2491 550 2557 Vll.
606 2494 806 2575 Aristoteles,
828 2492 1080 2576 Theophrastus.

423 2663 436 2691 „
462 2613 549 2679 Vlll.
603 2614 747 2679 Albinus.

423 2785 435 2812 ,‚
494 2736 552 2800 IX.
607 2734 860 2818 Theophrastus.

423 2904 436 2931 „
509 2854 549 2919 X.
605 2853 804 2936 Aristoteles,
827 2852 1080 2936 Theophrastus.

282 2971 404 3037 Ceteris
421 2992 498 3038 vero
516 2973 591 3055 quid
613 2973 739 3055 debeat,
761 2972 837 3056 quid
856 2949 1157 3038 commentatoribus
1171 2971 1382 3037 Aristotelieis
1401 2972 1553 3057 Didymo,

197 3090 383 3173 l‘hemistio,
411 3093 607 3176 Alexandro,
641 3093 717 3175 quid
739 3094 939 3173 Ptolemaeo,
969 3091 1138 3173 Martiano,
1168 3091 1342 3168 Dorotheo‚
1371 3091 1552 3177 Theodoto,

198 3210 388 3295 Porphyrio,
423 3210 483 3274 hoc
505 3211 588 3293 aliis,
622 3211 647 3275 si
672 3211 720 3277 cui
749 3211 887 3294 libuerit,
920 3211 1178 3293 investigandum
1205 3208 1360 3292 relinquo,
1395 3232 1460 3277 non
1484 3212 1553 3279 sine

120 3358 125 3369 ·
198 3331 381 3413 suspicione
404 3329 473 3395 lore
495 3337 530 3395 nt
552 3350 592 3396 en
615 3329 665 3396 his
687 3331 741 3395 vix
764 3331 932 3414 quicquam
960 3330 1083 3412 cepisse
1106 3328 1303 3393 Priscianum
1325 3338 1496 3412 appareat.

283 3448 467 3515 Solutiones
482 3450 637 3515 Prisciani
660 3470 681 3515 a
704 3450 831 3516 nemine
854 3450 939 3532 quod
962 3449 1059 3512 sciam
1076 3448 1201 3513 Graeco
1224 3448 1380 3530 scriptore
1403 3449 1552 3532 citantur,

196 3588 238 3633 ne
260 3588 281 3632 a
302 3568 485 3652 Nicephoro
519 3570 646 3652 quidem
675 3569 861 3652 lllemmidu,
894 3569 945 3651 qui
975 3575 1009 3630 nt
1037 3568 1137 3630 multa
1164 3566 1262 3632 habet
1290 3587 1360 3631 cum
1384 3567 1551 3633 Prisciano

197 3689 386 3771 communia,
421 3689 467 3752 ita
489 3709 553 3752 non
576 3708 617 3754 ex
640 3709 678 3754 eo
701 3689 759 3753 sed
782 3708 822 3753 ex
845 3687 1002 3752 communi
1025 3685 1114 3751 sonte
1137 3685 1284 3752 hausisse
1305 3686 1470 3770 putandus
1492 3695 1549 3754 est.

196 3806 279 3872 inter
306 3808 438 3871 Latinos
471 3817 579 3874 autem
602 3806 788 3873 Vincentius
813 3806 1051 3872 Bellovaoensis
1083 3826 1153 3870 cum
1180 3806 1212 3870 in
1237 3803 1375 3888 Speculo
1409 3827 1469 3871 suo
1492 3806 1554 3872 Na-

196 3926 292 3991 turali
319 3926 386 4011 (lV.
404 3930 456 4011 23,
473 3930 523 4013 39,
539 3930 591 4012 42,
606 3928 662 4010 473
690 3926 726 3991 V.
742 3927 776 4009 9,
809 3926 878 3992 XV.
895 3927 930 4009 4;
958 3927 1030 3991 XX.
1049 3926 1098 4009 10,
1117 3927 1169 4009 11;
1198 3924 1364 4001 XXVl.8,
1381 3923 1432 4005 10,
1448 3923 1491 3987 32
1514 3958 1553 3968 —

196 4045 279 4110 conf.
303 4047 387 4110 Rose
420 4046 460 4112 de
487 4047 617 4112 Aristot.
648 4045 800 4110 librorum
835 4046 944 4110 ordine
977 4054 1009 4110 et
1035 4045 1227 4109 auctoritate
1260 4065 1290 4127 p.
1312 4041 1367 4127 Sl)
1401 4048 1553 4124 excerpta

196 4164 354 4247 quaedam
378 4185 418 4229 ex
441 4165 624 4231 Priscianeo
649 4163 729 4229 libro
753 4164 895 4244 inseruit,
926 4163 1046 4228 lumin
1071 4163 1209 4247 Speculo
1237 4136 1365 4245 quoque
1387 4160 1552 4226 historiali

196 4283 299 4369 (XXI.
315 4284 370 4370 50)
394 4284 589 4349 mentionem
613 4283 683 4347 libri
707 4282 824 4365 iniecit,
848 4291 999 4365 tanquam
1023 4304 1043 4346 a
1067 4282 1270 4347 Caesariensi
1293 4280 1460 4346 Prisciano
1485 4300 1554 4363 pro·

195 4401 284 4466 secti:
318 4404 407 4467 cuius
430 4423 528 4486 opera
551 4403 625 4466 dum
654 4409 807 4482 recenset,
841 4413 933 4480 catat,
956 4402 1010 4482 ait,
1034 4403 1127 4464 etiam
1150 4399 1223 4463 labor·
1245 4393 1405 4463 Prisciani
1425 4400 1463 4462 de
1484 4400 1553 4462 No·

86 4577 91 4586 .
196 4520 347 4584 ruralibus
369 4521 594 4608 quaestionibus
622 4523 665 4584 ml
687 4522 813 4586 chedros
839 4543 938 4605 repara
960 4520 1137 4600 I'ersosuom,
1163 4521 1199 4584 de
1221 4540 1281 4605 quo
1300 4519 1400 4604 plara
1421 4519 1555 4604 eucerpor'

195 4650 223 4703 et
244 4642 279 4702 io
299 4641 565 4727 superierebatur
588 4642 796 4725 oporhporle
828 4637 882 4725 [se.
907 4640 939 4704 in
961 4642 1099 4721 Speculo
1123 4635 1282 4722 Naturali]
1315 4638 1460 4720 conpluris
1483 4637 1554 4700 aas

195 4762 321 4822 insono.
364 4760 476 4824 caulem
501 4759 567 4822 sero
590 4758 793 4823 aVineentio
817 4759 951 4822 mutuati
975 4758 1122 4823 dictitant
1144 4757 1170 4821 si
1194 4755 1246 4839 qui
1269 4756 1324 4820 alii
1348 4755 1455 4820 medio
1471 4776 1553 4822 aero

196 4878 351 4943 Prisciani
377 4876 478 4941 nostri
506 4876 734 4960 meminerunt,
763 4878 851 4943 uolut
873 4876 1052 4941 Gulielmus
1080 4877 1278 4959 Pasirengus
1305 4875 1346 4938 de
1369 4872 1555 4959 Originibus
