3510 5610
211 338 273 403 100
461 298 467 313 ·
504 340 507 344 '
743 338 913 395 PRlSClANl
933 339 1014 393 LYDl

261 510 373 575 accidit
395 518 426 575 et
450 533 465 575 e
488 511 650 577 contrario.
683 511 805 596 signum
827 534 900 577 uero
924 521 955 577 et
976 521 1108 579 uentum
1132 518 1164 577 et
1186 534 1299 597 aquam
1322 534 1361 577 ex
1383 490 1516 599 utraque

263 614 327 676 fieri
352 614 555 693 inflationum‚
579 635 641 679 non
665 623 770 679 tamen
795 616 886 680 ambo
909 616 949 680 ab
965 616 1071 680 eadem
1095 637 1170 693 esse,
1194 617 1277 700 quod
1298 625 1329 681 et
1345 626 1514 701 utrumque

261 715 300 778 ab
328 700 434 780 eodem
464 717 676 801 compescitur.
727 716 759 780 in
787 719 920 782 multum
954 719 1036 782 enim
1070 720 1156 782 nenti
1190 740 1208 782 a
1234 720 1349 804 pluuiis
1377 703 1514 804 compesss

261 826 383 898 cuntur,
407 825 438 882 et
459 819 571 882 iterum
596 826 666 903 post
688 819 811 903 pluuias
833 821 929 884 uenti.
964 821 1020 884 hoc
1043 828 1146 884 autem
1170 821 1282 885 accidit
1304 823 1427 905 quando
1450 843 1514 885 non

233 922 451 1003 restinguitur
479 923 517 985 ab
545 943 581 985 ea
609 943 688 1005 qnae
723 923 754 985 in
781 927 863 987 terra
889 930 935 986 est
961 923 1118 987 caliditate
1150 924 1320 988 subsistens
1347 925 1467 988 inflatio
1494 945 1514 987 a

169 1068 175 1079 .
261 1024 334 1088 solis
362 1023 521 1087 caliditate
555 1024 689 1088 incensa.
738 1024 817 1088 hanc
844 1032 947 1089 autem
982 1025 1113 1089 dicimus
1145 1025 1277 1109 desuper
1310 1027 1514 1102 inflationem,

260 1147 339 1210 quae
362 1133 409 1189 est
430 1126 516 1190 uenti
545 1147 654 1210 corpus
682 1135 713 1190 et
734 1122 888 1191 materies.
933 1149 1003 1190 cum
1030 1147 1103 1191 uero
1130 1148 1211 1211 aqua
1232 1128 1396 1193 dominata
1419 1128 1514 1192 suerit

260 1236 291 1292 et
314 1229 466 1311 extinguit
492 1231 627 1293 tumeam
654 1229 863 1308 inflationem,
891 1238 965 1293 tunc
991 1230 1078 1294 uenti
1106 1230 1277 1313 quieseunt.
1322 1231 1378 1325 tali
1405 1232 1513 1314 itaque
1554 1263 1556 1266 ·

259 1330 464 1416 alternatione
491 1338 522 1394 et
545 1331 717 1395 mutatione
739 1338 942 1415 utrarumque
971 1332 1122 1396 existente
1150 1331 1321 1396 ostenditur
1343 1341 1449 1417 aperte
1472 1357 1531 1397 ex.

221 1432 345 1497 roarida
368 1434 527 1498 inflatione
553 1434 619 1497 fieri
642 1441 768 1512 uentos3
804 1434 895 1497 huius
917 1442 1022 1498 autam
1050 1441 1266 1518 argumentum
1294 1457 1359 1499 esse
1384 1437 1512 1520 spiritus

260 1537 397 1601 boreales
419 1537 483 1599 fieri
505 1536 629 1619 quidem
652 1534 692 1599 ab
714 1542 846 1615 arcturo,
869 1538 1024 1601 austrinos
1046 1558 1120 1601 uero
1143 1537 1314 1601 ameridie.
1348 1538 1409 1602 hos·
1426 1539 1511 1602 enim

258 1641 338 1704 s'olos
362 1661 422 1703 nen
443 1640 538 1703 intrat
560 1638 603 1702 sol
627 1639 719 1718 locos,
742 1638 796 1702 sed
811 1639 849 1702 ad
874 1660 924 1703 eos
949 1648 979 1703 et
1002 1640 1041 1703 ab
1065 1640 1121 1703 eis:
1145 1640 1184 1705 ab
1207 1649 1277 1705 ortu
1299 1641 1382 1711 enim
1406 1641 1436 1704 in
1460 1663 1511 1705 oc-

258 1743 363 1806 ciduas
391 1743 509 1806 locatur
531 1741 584 1805 has
606 1741 730 1805 habens.
755 1740 963 1824 obliquitates.
1009 1747 1055 1805 est
1078 1749 1182 1807 autem
1210 1743 1321 1807 talium
1344 1752 1509 1807 uentorum

257 1852 378 1909 meatus
402 1836 564 1929 obliquus?
591 1844 667 1906 llant
689 1843 772 1906 enim
796 1844 877 1907 circa
900 1851 1012 1908 terram
1037 1845 1196 1908 inflatione
1220 1845 1252 1910 in
1275 1855 1393 1909 rectum
1417 1848 1508 1910 lacta.

220 1965 244 2008 ro
258 1970 311 2032 per
326 1949 382 2012 hoe
403 1948 496 2011 etiam
513 1946 612 2011 omnis
636 1946 667 2009 in
683 1945 813 2009 circuitu
833 1968 886 2009 aer
901 1947 1041 2030 sequitur
1056 1955 1204 2011 meatum.
1238 1949 1384 2031 quoniam
1401 1949 1508 2031 itaque

258 2060 303 2115 est
325 2048 628 2116 uentus‘multitude
652 2048 806 2139 'quaedam
831 2048 934 2112 aridae
962 2071 998 2113 ex
1022 2056 1103 2114 terra
1130 2050 1297 2114 inflationis
1321 2059 1405 2114 mota
1427 2051 1509 2114 circa
1564 2098 1570 2108 .

257 2162 382 2230 terram,
399 2153 516 2216 clarum
532 2151 605 2234 quia
620 2157 722 2213 motus
738 2149 864 2233 quidem
880 2151 1067 2235 principium
1083 2152 1254 2229 desursum,
1270 2153 1417 2217 materiae
1434 2175 1507 2218 uere

257 2265 289 2319 et
310 2255 516 2338 generationis
531 2254 683 2318 deorsum.
717 2252 791 2336 quia
811 2274 884 2316 nero
908 2275 945 2316 ex
968 2255 1075 2318 multis
1096 2254 1309 2318 inlationibus
1332 2255 1509 2341 paulopost

257 2359 439 2422 coeuntibus
465 2355 617 2442 principia
643 2361 807 2419 uentorum
836 2357 915 2418 liunt
941 2362 1083 2440 apertum
1110 2363 1165 2421 est.
1214 2357 1395 2422 inchoantes
1421 2361 1505 2439 enim

217 2460 370 2544 aosinguli
394 2459 508 2543 quique
535 2458 653 2543 spirare
675 2457 797 2521 minimi
824 2477 933 2522 omnes
954 2466 1041 2538 sunt,
1069 2460 1269 2545 procedentes
1292 2461 1509 2547 uerolongius

257 2562 332 2628 olari
355 2563 444 2641 liunt,
467 2561 523 2625 etsi
539 2561 683 2625 uideatur
705 2560 889 2643 quibusdam
912 2560 971 2624 libs
991 2562 1138 2626 continuo
1162 2562 1309 2627 inchoans
1323 2564 1507 2630 ualidiorem

257 2669 357 2758 lacere
380 2664 508 2728 exitum.
552 2663 598 2727 sol
622 2663 716 2727 etiarn
744 2669 859 2742 mouet,
883 2671 914 2726 et
935 2663 1029 2728 simul
1052 2665 1203 2748 impetum
1226 2665 1344 2730 iaciunt
1365 2668 1507 2751 spiritus3

203 2815 377 2825 ——--.
405 2815 445 2821 ⁴-
454 2814 546 2819 -..-..-
564 2813 602 2818 ...-

205 2894 216 2945 l
244 2891 277 2944 cf.
300 2890 408 2944 Ariston.
428 2887 535 2941 3671227
674 2887 701 2937 ll
733 2885 772 2937 ld.
790 2886 894 2937 36124:
921 2884 958 2937 ἔτι
980 2885 1006 2938 δὲ
1029 2891 1073 2939 τοῦ
1096 2885 1204 2955 γίνεσθαι
1232 2886 1338 2961 μάλιστα
1361 2885 1494 2958 πνεθματα-
1513 2891 1576 2944 dit'¹

202 2979 280 3050 αὐτῆς
298 2997 325 3031 τε
344 2980 389 3047 τῆς
405 2976 502 3044 ἀρκτου
520 2976 563 3026 καὶ
582 2972 736 3045 μεσημβρίας
754 2972 783 3024 τὸ
803 2971 864 3025 αυτὸ
884 2972 974 3026 αἴτιον·
997 2973 1105 3027 πλεῖστοι
1124 2976 1169 3043 γάρ
1189 2973 1273 3046 βορέαι
1291 2976 1334 3027 καὶ
1351 2975 1420 3029 νότοι
1438 2978 1562 3047 γίγνονται

200 3074 252 3121 τῶν
271 3066 386 3133 ἀνέμων·
410 3063 423 3116 θ
442 3063 487 3132 γάρ
506 3060 575 3131 ἥλιος
592 3060 695 3118 τοθτους
713 3060 805 3128 μόνους
823 3061 870 3113 οθκ
889 3062 1021 3132 ἀπέρχεται
1039 3060 1098 3119 τοὺς
1115 3061 1215 3125 τόπους,
1234 3061 1297 3114 ἀλλά
1315 3062 1377 3134 πρὸς
1395 3063 1499 3123 τοθτους
1516 3069 1562 3120 καὶ

200 3153 249 3207 ἀπὸ
267 3152 378 3213 τοθτων,
401 3151 440 3203 ἐπὶ
463 3149 557 3218 δυσμάς
579 3148 606 3202 δὲ
631 3148 674 3199 καὶ
698 3147 740 3199 ἐπ’
761 3147 883 3205 ἀνατολάς
907 3149 945 3200 ἀεὶ
963 3150 1070 3219 φέρεται.
1107 3147 1145 3200 διὸ
1163 3149 1195 3200 τά
1219 3151 1281 3219 νέφη
1301 3151 1450 3207 συνίσταται.
1464 3154 1490 3205 ἀν
1508 3160 1563 3214 τοῖς

200 3241 312 3312 πλαγίοις
442 3239 473 3290 14
501 3237 542 3295 ld,
558 3235 678 3288 3612‘22:
706 3234 768 3305 ἡδὲ
787 3236 851 3304 φορά
874 3233 934 3304 λοξὴ
957 3235 1043 3288 αὐτῶν
1067 3235 1130 3288 ἐστέ·
1158 3237 1213 3308 περὶ
1236 3238 1282 3306 γάρ
1304 3237 1351 3307 τὴν
1373 3239 1420 3307 γὴν
1441 3243 1561 3294 πνέουσιν

200 3330 234 3389 εἰς
253 3326 328 3402 ὀρθὸν
347 3328 476 3396 γινομένης
494 3328 540 3394 τῆς
557 3321 756 3396 ἀναθυμιάσεως,
775 3319 813 3374 ὅτι
831 3328 880 3380 πᾶς
898 3321 911 3375 θ
930 3321 1019 3391 κθκλιρ
1038 3323 1087 3393 ἀὴρ
1106 3326 1236 3376 συνέπεται
1253 3327 1286 3396 τῇ
1304 3329 1369 3395 φορᾷ
1471 3330 1502 3382 16
1522 3330 1561 3382 ld.

200 3418 321 3470 361130:
342 3415 394 3468 ἐπεὶ
412 3412 435 3465 θ’
450 3413 515 3488 ἐστὶν
534 3412 624 3479 ἀνεμος
642 3408 739 3479 πλῆθός
754 3417 779 3462 τι
797 3413 844 3478 τῆς
862 3410 891 3462 ἐκ
910 3413 955 3478 γῆς
973 3408 1049 3478 ξηρᾶς
1066 3411 1256 3479 ἀναθυμιάσεως
1274 3411 1419 3481 κινούμενον
1437 3416 1494 3484 περ1
1512 3417 1561 3486 τὴν
1627 3404 1630 3411 ’

199 3508 254 3576 γῆν,
273 3503 348 3574 δῆλον
366 3500 404 3554 ἀτι
421 3505 467 3571 τῆς
485 3501 530 3568 μὲν
548 3499 671 3567 κινήσεως
688 3498 705 3568 ἡ
724 3497 791 3571 ἀργὴ
810 3494 918 3561 ἀνωθεν,
936 3501 982 3567 τῆς
999 3496 1022 3549 θ’
1044 3495 1105 3567 θλιγς
1123 3499 1166 3550 καὶ
1184 3502 1230 3569 τῆς
1248 3494 1367 3569 γενέσεως
1385 3501 1502 3554 κάτωθεν

202 3593 234 3645 la
262 3590 422 3644 1d.361b1:
453 3585 491 3640 dte
514 3586 537 3639 θ’
563 3587 593 3639 ἐκ
620 3584 722 3638 πολλῶν
745 3583 937 3653 ἀναθυμιάσεων
963 3591 1099 3637 συνιουσῶν
1123 3588 1189 3639 κατὰ
1212 3591 1314 3658 μικρὸν,
1341 3587 1424 3658 ὥσπερ
1452 3591 1478 3642 αἱ
1505 3596 1560 3642 τῶν

199 3685 320 3747 ποταμῶν
339 3677 413 3746 ἀρχα1
431 3675 555 3745 γίγνονται
580 3672 722 3742 νοτιζοθοης
740 3677 786 3743 τῆς
803 3677 861 3743 γῆς,
884 3673 959 3742 δῆλον
978 3673 1021 3724 aul
1039 3673 1079 3724 ἐπὶ
1103 3678 1155 3725 τῶν
1174 3674 1265 3745 ἔργων·
1293 3672 1350 3728 ὅθεν
1374 3677 1419 3748 γὰρ
1438 3678 1559 3730 ἑκάστοτε

199 3768 324 3829 πνέουσιν,
351 3764 476 3837 ἐλάχιστοι
503 3764 593 3819 πάντες
616 3761 675 3826 εἰσί,
703 3760 829 3833 προϊόντες
852 3759 878 3812 δέ
903 3762 945 3812 καὶ
973 3760 1057 3832 πόρρω
1085 3759 1194 3833 λαμπροὶ
1221 3763 1356 3815 πνέουσιν·
1458 3765 1491 3817 22
1520 3766 1559 3819 ld.

199 3853 321 3905 tarbis:
350 3851 363 3904 ὁ
386 3851 409 3904 θ’
430 3850 499 3920 ἥλιος
524 3852 567 3902 καὶ
590 3849 663 3902 παθει
685 3850 728 3901 καὶ
751 3847 888 3917 συνεξορμᾷ
911 3847 942 3898 τά
965 3847 1102 3913 πνεύματα.
1139 3846 1247 3906 ἀσθενεῖς
1270 3850 1314 3917 μέν
1340 3852 1386 3923 γάρ
1411 3853 1455 3904 καὶ
1473 3851 1559 3922 ἀλέγας

198 3938 273 3998 οὔσας
291 3941 334 3998 τὰς
352 3938 528 4006 ἀναθυμιάσεις
546 3936 659 4009 μαραίνει
677 3940 715 4005 τῷ
734 3935 818 4001 πλέονι
835 3931 924 4005 θερμῷ
942 3934 970 3986 τὸ
990 3935 1015 3986 ἐν
1033 3938 1066 4005 τῇ
1084 3933 1247 4004 ἀναθυμιάσει
1264 3935 1368 3989 ἔλαττον
1388 3937 1424 4003 ὄν,
1443 3941 1487 3993 καὶ
1505 3940 1557 3994 θια-
1605 3922 1611 3933 ’

199 4030 284 4098 κρίνει.
315 4027 351 4080 ἔτι
369 4025 392 4079 θ’
408 4026 487 4096 αὐτὴν
506 4027 552 4096 τὴν
571 4029 616 4094 γῆν
635 4023 723 4093 φθάνει
742 4020 864 4095 ξηραένων
883 4023 939 4092 πρὶν
958 4022 1070 4090 γενέσθαι
1089 4023 1199 4095 ἔκκρισιν
1217 4022 1319 4095 ἀθρόαν,
1338 4023 1422 4099 ὥσπερ
1441 4027 1476 4086 ε1ς
1492 4028 1558 4082 πολὺ

198 4121 246 4187 πῦρ
265 4115 306 4168 ἐὰν
326 4115 407 4183 ἀλίγον
425 4114 520 4183 ἐμπέσῃ
540 4112 700 4180 Ιἰπέκιιαυμα,
719 4109 807 4180 φθάνει
826 4106 946 4168 πολλάκις
965 4110 1020 4182 πρὶν
1040 4109 1135 4162 καπνὸν
1153 4113 1253 4180 ποιῆσαι
1271 4109 1433 4165 κατακαυθέν

200 4320 266 4372 l-:t
283 4339 371 4386 ornere
384 4322 448 4387 sort.
467 4325 569 4388 σημεῖον
588 4317 614 4370 δέ
627 4323 671 4369 τοῦ
685 4319 728 4369 καὶ
747 4319 838 4388 άνεμον
857 4316 980 4388 καθθθωρ
998 4316 1024 4378 tt
1037 4317 1159 4389 ἑκατέρας
1177 4319 1223 4387 μὲν
1236 4318 1346 4389 γένεσθαι
1357 4320 1557 4390 ἀναθυμιάσεως,

198 4407 227 4460 οὐ
246 4409 331 4476 μέντοι
350 4407 427 4476 ἄμφω
447 4406 475 4458 ἐκ
492 4410 540 4476 τῆς
561 4405 639 4475 αὐτῆς
657 4406 726 4470 εἶναι,
745 4404 783 4459 ὅτι
801 4409 845 4459 καὶ
863 4407 982 4474 ἑκάτερον
1001 4404 1045 4474 ὑφ’
1067 4407 1187 4478 ἑκατέρου
1205 4409 1339 4478 κατέχεται
1436 4409 1453 4461 8
1471 4415 1498 4462 et
1517 4410 1556 4463 H:

197 4516 241 4547 em.
262 4497 310 4546 Cli
427 4496 453 4545 11
485 4493 539 4546 fieri
559 4493 674 4560 quidem]
687 4497 752 4561 sore.
772 4494 876 4563 quidam
896 4493 951 4546 fieri
1066 4493 1096 4544 it
1125 4494 1257 4564 occiduas]
1277 4496 1400 4549 occiduas
1418 4502 1506 4565 partes
1526 4499 1561 4548 Μ

197 4583 329 4649 (occiduas
352 4606 379 4625 ε
401 4581 494 4650 δυσμάς
513 4592 537 4630 ιιι
556 4599 610 4630 error
629 4583 696 4648 infra
712 4601 739 4648 μ.
753 4581 848 4647 lost)
930 4583 959 4632 lli
979 4581 1132 4648 multitudo]
1146 4596 1203 4651 post
1223 4584 1266 4634 doc
1280 4585 1392 4650 sequitur
1409 4586 1434 4634 ιἰι
1454 4585 1487 4635 M
1503 4600 1556 4638 non

197 4674 259 4722 sunt
277 4671 400 4721 contrarii
420 4670 529 4737 spiritus
548 4680 607 4733 eea,
626 4669 651 4718 in
672 4668 692 4718 C
710 4675 772 4721 sunt
790 4669 912 4722 contrarii
932 4670 1040 4736 spiritus
1059 4679 1102 4720 etc.
1125 4691 1154 4712 =
1170 4669 1305 4738 p.1oa.5;
1329 4688 1392 4737 qaae
1415 4671 1555 4725 exciderent

197 4756 321 4824 quaedam
341 4758 428 4808 aridae
447 4769 492 4806 erc.
512 4774 585 4820 esque
605 4756 640 4805 ad
662 4756 706 4808 alii
725 4764 809 4809 autem
834 4760 896 4808 sunt
918 4758 970 4824 per⁸
982 4771 1061 4824 quoa,
1085 4757 1153 4820 infre
1168 4769 1225 4826 post
1248 4760 1412 4812 aestimatum
1436 4774 1466 4811 eo
1486 4760 1555 4828 qnod

198 4865 229 4887 --
247 4864 273 4912 p.
287 4843 392 4903 101120,
411 4845 500 4894 inserte
519 4845 607 4893 leoena
628 4844 681 4893 CM
780 4845 808 4896 17
830 4844 964 4897 desursum
986 4843 1053 4895 CM:
1073 4844 1191 4909 deorsum
1210 4844 1241 4894 H
1256 4845 1323 4895 Rosa
1432 4846 1463 4898 18
1481 4846 1555 4899 deor-

195 4932 265 4995 sum]
285 4933 417 4983 desursum
439 4931 505 4981 Itese
547 4959 548 4962 =
613 4932 647 4982 lt)
668 4933 765 5000 quiquo
784 4932 823 4982 II:
844 4947 946 5001 quoqne
968 4931 1018 4981 cur
1124 4931 1154 4984 ’21
1182 4932 1240 4999 lybs
1258 4932 1387 4999 H:'lupis
1407 4932 1439 4984 C:
1459 4952 1504 4985 οιιι.
1525 4934 1560 4984 lli
