3510 5610
197 312 240 377 96
355 311 607 366 Asisrorrrssrs
625 311 810 366 HISTORIAE
829 312 1025 367 ANIMALIUM
1042 313 1191 369 crisonis
1211 314 1233 367 11
1253 312 1400 369 crs—284

334 485 427 569 (278)
457 484 496 549 Ἣ
524 488 778 570 καμηλοπάρδαλις
806 484 873 571 παρ’
895 485 992 556 Ἰνδοῖς
1019 487 1079 552 ἐστι
1107 490 1231 569 μαλιστα
1256 488 1407 573 γινομένη·
1441 486 1504 553 ἔστι

251 587 283 649 δὲ
305 587 414 670 τὰμὲν
437 588 512 652 ἄλλα
533 586 641 671 ἔλαφος
664 588 782 674 μεγίστη
805 587 872 672 (εἰς)
893 590 1027 673 καμήλου
1050 590 1121 675 ύψος
1142 588 1351 677 ἀφικνουμένη,
1372 590 1502 677 διαφέρει

250 690 282 752 δὲ
309 697 351 775 τῷ
380 714 410 754 τε
435 689 548 775 ἅκερως
574 689 647 753 εἶναι
672 691 721 753 καί
736 692 791 753 ’τδν
814 690 926 775 αὐχένα
948 694 1088 776 μήκιστον
1111 693 1158 754 καί
1180 693 1252 777 ὑπὲρ
1274 693 1327 777 τὴν
1348 693 1503 777 ἀναλογίαν

250 796 301 854 τοῦ
323 795 424 856 λοιποῦ
451 796 586 877 σώματος
608 789 686 876 ἔχειν
713 792 754 860 είς
780 792 850 877 ὕψος
872 793 1099 877 άνορθούμενον,
1129 795 1176 857 καὶ
1202 796 1255 879 τὴν
1277 794 1364 879 δορὰν
1385 796 1502 861 άπασαν

223 896 308 957 οάπδ
336 899 465 980 κεφαλῆς
494 896 583 981 ἄκρας
611 895 668 963 ἕως
697 895 794 957 ποδῶν
825 895 958 979 ἐσχάτων
989 898 1126 980 παρδάλει
1157 897 1282 979 μαλιστα
1309 920 1345 980 τη
1375 898 1503 981 ποικιλίᾳ

251 999 539 1082 παρεμφερεστάτην,
568 998 616 1060 καί
642 996 709 1066 τοὺς
735 994 899 1081 ἔμπροσθεν
924 998 1016 1068 πόδας
1043 1002 1101 1061 τῶν
1128 998 1268 1062 ὀπισθίων
1294 998 1500 1085 ὑψηλοτέρους.

336 1100 429 1182 (2Ῑ9)
460 1098 496 1165 ‘J
525 1100 640 1184 πάνθηρ
668 1100 845 1184 παρεμφέρει
876 1101 927 1182 μὲν
957 1103 995 1182 τῆ
1024 1101 1179 1183 παρδάλει,
1210 1104 1441 1186 μικροτράχηλος
1469 1102 1503 1166 δέ

251 1203 311 1265 ἐστι
339 1204 386 1265 καὶ
413 1203 446 1265 τδ
472 1202 627 1287 πρόσωπον
654 1202 839 1286 στρογγύλος.
868 1202 915 1264 καί
943 1203 975 1264 τδ
998 1201 1085 1287 ἄκρον
1109 1208 1160 1286 τῆς
1181 1201 1268 1288 οόρᾶς
1291 1202 1325 1266 οό
1347 1210 1430 1268 κινεῖ·
1463 1205 1501 1267 τὰ

252 1306 284 1367 δὲ
306 1307 372 1389 περί
394 1307 445 1388 τὴν
470 1306 569 1390 ὀχείαν
592 1306 640 1367 καὶ
663 1306 714 1389 τὴν
738 1302 843 1373 ἔκτείιν
866 1304 965 1388 ὀμοιος
987 1309 1024 1387 τῇ
1047 1306 1197 1389 παρδάλει.

211 1424 237 1467 10
333 1407 427 1490 (280)
453 1402 518 1473 Ὅτι
538 1407 605 1477 τοὺς
627 1408 777 1491 πάνθηρας
799 1408 829 1469 ἐν
848 1406 930 1491 Ἰνδία
952 1406 1111 1491 θηρεύουσι
1133 1408 1242 1492 τίγρεις.

334 1511 428 1594 (281)
459 1508 647 1574 Παντοδαπύν
670 1534 696 1572 τι
717 1509 799 1592 γένος
822 1511 837 1573 δ
860 1510 988 1594 πάνθηρ·
1022 1512 1110 1593 δηλοῖ
1129 1511 1161 1574 δὲ
1182 1512 1215 1573 τδ
1238 1510 1323 1586 εἶδος,
1346 1513 1432 1597 δηλοῖ
1450 1515 1499 1577 καὶ

249 1614 320 1677 αὐτδ
343 1612 478 1697 τοῦνομα.
516 1613 628 1696 λέγεται
649 1616 717 1694 γοῦν
740 1613 872 1696 ἡμήτηρ
896 1612 1003 1695 μυρίων
1026 1610 1136 1697 ἔρωτας
1159 1614 1259 1696 θηρῶν
1282 1614 1427 1698 δεχομένη
1449 1617 1499 1679 τδν

250 1718 387 1799 πολυειδῆ
415 1715 496 1779 τύνδε
523 1720 601 1800 θῆρα
627 1719 736 1798 γεννᾶν.
780 1715 861 1799 φέρει
888 1715 942 1799 γὰρ
969 1714 999 1778 ἐν
1027 1715 1078 1798 μέν
1105 1718 1167 1783 ταῖς
1194 1714 1313 1798 ὀφρύσιν
1341 1715 1440 1800 ὑαίνης
1466 1719 1500 1781 τδ

250 1818 426 1893 ἐπισκύνιον,
456 1821 483 1882 οἱ
511 1819 658 1904 ὀφθαλμοὶ
688 1818 720 1880 δὲ
747 1817 827 1902 αὐτῷ
857 1816 985 1893 λέοντος,
1015 1818 1047 1879 τὸ
1078 1817 1111 1880 δὲ
1140 1815 1233 1899 στόμα
1261 1820 1400 1901 παρδάλει
1427 1819 1500 1895 ἴσον,

211 1938 236 1982 ιο
250 1923 388 2006 αίγάγρου
411 1923 444 1984 δὲ
466 1922 546 2007 δίκην
570 1926 606 2005 τῇ
630 1923 743 2005 κεφαλῇ
767 1919 803 1983 τὰ
825 1920 931 2005 κέρατα
954 1920 1103 1993 ἀνεστᾶσι,
1131 1919 1227 2004 μακρά
1253 1919 1288 1981 τὰ
1314 1920 1390 1997 ῶτα,
1417 1922 1500 1986 αύτύ-

252 2048 353 2110 χρημα
375 2027 500 2106 λαγωοῦ.
535 2024 602 2093 τοῦς
623 2024 656 2087 δέ
677 2022 768 2091 πύδας
783 2022 819 2085 τά
833 2024 912 2085 κάτω
936 2025 986 2105 μὲν
1003 2021 1091 2107 μέχρι
1104 2023 1152 2085 καὶ
1167 2025 1224 2084 τῶν
1240 2024 1366 2104 γονάτων
1382 2025 1501 2107 ὁμοίους

249 2126 313 2212 ἔχει
334 2132 376 2212 τῷ
400 2126 493 2190 λέοντι
515 2128 563 2189 καὶ
587 2125 677 2195 ὄνυξιν
700 2125 771 2195 ἴσοις
794 2124 1060 2208 καθωπλισμένους.
1105 2126 1134 2186 αἱ
1157 2129 1264 2208 κνῆμαι
1286 2125 1328 2203 δέ,
1350 2128 1499 2210 δορκάδων

250 2229 341 2298 εἴποις
365 2228 399 2293 ἂν
421 2229 519 2299 αὐτάς.
567 2234 609 2313 τῷ
637 2229 670 2292 δὲ
696 2228 798 2313 στήθει
824 2229 916 2291 λέοντι
943 2226 977 2290 ἂν
1004 2228 1023 2311 ἦ
1051 2227 1190 2310 παρδάλει
1215 2226 1301 2290 αότδν
1329 2228 1497 2310 ῦμοιιύσαις.

248 2334 301 2416 τὴν
328 2333 415 2417 οόρδιν
443 2333 475 2396 δὲ
501 2332 582 2417 λύκιρ
608 2332 690 2416 φέρει
717 2332 928 2415 παραπλησίαν.
972 2331 1155 2415 κατάγραφος
1180 2327 1261 2414 αύτῷ
1284 2334 1364 2394 πάσα
1385 2332 1405 2415 ἡ
1428 2332 1500 2417 δορὰ

208 2451 236 2495 :¹0
249 2436 297 2497 καί
323 2436 364 2503 είς
391 2438 477 2519 ζῆλον
504 2433 630 2519 ἔσχατον
656 2440 693 2516 τῇ
722 2436 871 2519 παρδάλει.
915 2432 992 2496 θέειν
1015 2433 1047 2496 δὲ
1070 2432 1204 2501 ὀξύτατον
1227 2429 1273 2507 ύν,
1303 2434 1395 2497 δειλδν
1418 2434 1500 2517 ὅμως

250 2538 346 2623 άκρως
368 2537 440 2611 ἐστί,
463 2539 509 2600 καὶ
532 2536 601 2599 οὐδὲ
616 2536 760 2620 μακρύθεν
784 2536 960 2620 ὑπομείνειεν
983 2532 1047 2620 ύψιν
1069 2534 1237 2618 ἀνθρώπου.
1275 2536 1356 2597 δοκεῖ
1374 2540 1443 2618 γοῦν
1465 2538 1498 2599 τδ

250 2642 321 2724 πρός
342 2639 391 2708 τὰς
413 2639 497 2721 γονὰς
520 2638 701 2723 ξυμφορητύν
724 2664 755 2702 τε
778 2642 825 2703 καὶ
848 2641 1009 2723 πάμμικτον
1032 2638 1153 2721 θήλειαν
1176 2635 1257 2721 αύτῷ
1287 2638 1335 2700 καί
1361 2636 1499 2723 ἄνανδρον

253 2744 305 2826 τὴν
328 2743 425 2827 ψυχὴν
449 2743 598 2806 διαθεῖναι.

334 2844 427 2927 (282)
460 2842 518 2907 Καὶ
540 2842 627 2912 ἄλλος
649 2844 681 2907 δὲ
696 2844 811 2929 πάνθηρ
834 2844 910 2907 ἐστίν
934 2843 963 2905 ἐν
983 2840 1078 2911 Ἰνδοῖς
1100 2844 1192 2928 μύρου
1207 2844 1392 2914 κατάπλεως·
1420 2844 1452 2914 ὅς
1466 2868 1499 2929 γε

208 2948 333 3031 υσῄνίκα
359 2947 445 3010 αῦτδν
472 2948 488 3010 δ
516 2947 599 3029 λιμδς
625 2947 714 3029 αἱρεῖ,
743 2950 793 3009 τοῦ
818 2950 935 3031 φωλεοῦ
964 2944 967 3031 ψ
996 2944 1120 3029 πρόεισι.
1148 2947 1195 3009 καὶ
1221 2945 1386 3031 Ευνέρχεται
1408 2951 1467 3017 τοῖς
1480 2966 1556 3011 csszr

251 3050 374 3133 θηρίοις·
408 3050 444 3112 τὰ
466 3050 498 3111 δὲ
520 3053 557 3130 τῇ
580 3050 659 3133 ὀσμῇ
683 3048 847 3131 κηλούμενα
869 3050 964 3133 ἡδέως
989 3048 1082 3132 τούτῳ
1109 3051 1267 3130 συνομιλεῖ·
1303 3051 1374 3133 πρδς
1396 3052 1428 3114 δέ
1450 3054 1499 3116 καὶ

250 3152 347 3237 ἠρέμα
369 3151 481 3235 θέλγων
504 3150 566 3232 άγει
589 3153 660 3236 πρδς
682 3152 733 3234 τὴν
755 3151 852 3234 εὐνήν,
874 3152 922 3214 καὶ
945 3150 1018 3214 αὐτὰ
1042 3150 1251 3234 συλλαμβάνων
1273 3151 1373 3215 ἐσθίει.

336 3254 429 3337 (283)
458 3252 738 3339 Ἀριστοφάνους.
778 3250 813 3316 Ὁ
840 3254 994 3335 λεγόμενος
1021 3253 1084 3321 θῶς
1110 3250 1170 3316 ἔστι
1198 3254 1249 3335 μὲν
1276 3258 1334 3316 τῶν
1356 3278 1499 3340 καρχαρο-

249 3356 356 3421 δύντων
376 3358 424 3420 καὶ
443 3359 640 3442 πολυσχιδῶν,
664 3358 712 3419 καὶ
729 3355 880 3439 πορεύεται
901 3356 975 3419 κατὰ
996 3356 1157 3439 διάμετρον.
1242 3354 1336 3438 (284)
1358 3358 1500 3443 διοιχθελς

224 3530 537 3538 .———-—-—-—--—-
546 3532 593 3537 ..-.

200 3618 208 3667 l
224 3617 241 3686 ἡ
254 3611 485 3687 καμηλοπάρδαλις]
498 3610 715 3679 Tim0t11.p.15‚5›
728 3611 824 3677 Haupt.
841 3630 899 3681 κεφ.
911 3610 948 3663 κδ’
962 3613 1017 3680 περὶ
1030 3610 1284 3681 καμηλοπαρδάλεως.
1309 3610 1346 3664 ύτι
1359 3612 1376 3681 ἡ
1387 3612 1553 3685 καμηλοπάρ-

195 3703 262 3762 δαλις
277 3704 340 3773 (piis
353 3703 417 3755 ἐστιν
433 3698 543 3753 Ἰνδικόν·
563 3700 654 3768 γίνεται
671 3698 696 3750 δὲ
709 3697 758 3750 άπό
772 3697 891 3765 ἐπιμιξίας
905 3699 977 3769 ζῴων
991 3699 1140 3768 ἑτερογενῶν
1240 3698 1254 3749 7
1272 3697 1285 3751 ὀ
1302 3696 1414 3769 πάνθηρ]
1432 3716 1447 3753 c
1464 3700 1553 3755 Timo·

195 3792 255 3843 iiico
273 3791 317 3855 (ci.
334 3807 360 3858 p.
376 3788 465 3852 12‚5)?
558 3788 587 3837 10
605 3784 654 3853 δτι]
674 3804 688 3838 c
706 3786 858 3837 Timotheo?
952 3786 979 3837 ll
1001 3784 1171 3853 παντοδαπὸν]
1190 3786 1302 3838 Τίωοιίι.
1321 3803 1347 3853 p.
1365 3786 1427 3851 125
1446 3806 1505 3857 κεφ.
1520 3788 1550 3841 ιδ’

195 3880 250 3947 περὶ
268 3876 403 3948 πάνθηρος.
432 3875 469 3928 ὀτι
488 3874 501 3928 ὀ
520 3874 618 3945 πάνθηρ
637 3873 673 3931 ὡς
690 3874 720 3925 ἐκ
739 3872 839 3924 πολλῶν
858 3878 909 3926 τῶν
927 3874 1023 3943 θηρίων
1041 3878 1087 3942 τῆς
1105 3872 1200 3944 μητρὸς
1218 3872 1389 3943 συλλαβούσης
1406 3875 1518 3928 τίκτεται

196 3965 228 4018 24
253 3966 295 4017 καὶ
313 3964 399 4033 ἄλλος]
418 3964 530 4016 Timoth.
549 3979 574 4031 p.
589 3961 652 4025 1⁴2st
677 3959 714 4012 ὅτι
736 3959 749 4012 ὀ
767 3957 864 4018 Ἰνδικὸς
882 3960 981 4031 πάνθηρ
1000 3960 1079 4029 μύρου
1098 3959 1163 4021 ὀζων
1182 3960 1221 4013 διὰ
1239 3966 1285 4031 τῆς
1303 3960 1409 4021 εῦωδίας
1425 3962 1458 4014 τὰ
1475 3960 1552 4033 θηρία

195 4052 360 4121 ἐφελκόμενος
378 4052 417 4105 ἐπὶ
436 4051 479 4104 τὸν
497 4050 558 4104 ίδιον
576 4050 628 4117 ἄγει
647 4047 746 4118 φωλεὸν
765 4050 808 4099 καὶ
826 4047 951 4101 κατεσθίει
1075 4050 1108 4099 29
1131 4047 1301 4118 πολυσχιόῶν]
1320 4048 1352 4101 cf.
1369 4049 1451 4103 Arist.
1463 4064 1551 4119 gener.

194 4141 275 4192 anim.
289 4137 310 4192 Β
322 4140 338 4191 6
357 4157 383 4207 p.
396 4138 487 4191 742⁸ss
610 4137 675 4189 κατὰ
694 4134 837 4204 διάμετρον)
855 4136 889 4188 cf.
907 4138 987 4189 Arist.
1000 4137 1061 4189 hist.
1074 4136 1154 4188 anim.
1168 4133 1219 4188 Ab
1242 4152 1267 4203 p.
1280 4135 1372 4189 490b3

224 4281 230 4286 .
240 4281 296 4287 —.-
313 4281 424 4287 -—----
433 4280 594 4287 --.-——..-

195 4361 211 4412 2
236 4362 270 4419 είς
289 4363 377 4415 addici
518 4360 534 4412 3
557 4361 647 4431 ἅκερυς
666 4360 687 4410 l')
828 4359 845 4409 4
868 4356 1048 4427 ἀνορθούμενον
1066 4360 1171 4427 scripsi:
1196 4358 1423 4430 ἀνυρθουμίνηνί)

195 4448 210 4498 δ
229 4451 465 4519 παρεμφερεστάτην
482 4450 585 4516 scripsi:
604 4447 823 4517 παρεμφερεστάτη
842 4446 863 4497 D
963 4444 1023 4499 'r‘O
1042 4448 1145 4515 scripsi:
1161 4444 1192 4499 ‘li
1212 4448 1288 4515 culpa
1306 4448 1474 4501 rubricatoris
1492 4448 1515 4501 Ι)

195 4536 394 4607 μικροτράχηλος
412 4538 518 4604 scripsi:
537 4532 745 4604 μακροτράχηλος
763 4533 784 4584 Ι)
873 4534 890 4585 8
908 4534 1055 4603 στρογγύλος
1073 4536 1178 4603 scripsi:
1197 4534 1345 4605 στρογγύλον
1361 4536 1384 4587 D
1475 4536 1504 4587 11
1524 4534 1551 4589 δέ

195 4623 299 4689 scripsi:
323 4642 347 4675 τι
367 4624 388 4675 1)
515 4624 546 4674 14
572 4621 703 4675 ἐπισκίνιον
723 4622 743 4672 λ)
864 4621 895 4673 15
921 4622 1036 4693 αίγάγρου
1056 4623 1162 4691 scripsi:
1189 4624 1298 4696 αίγάγριρ
1317 4625 1338 4676 1>
1458 4626 1492 4693 τῇ
1509 4642 1551 4676 κε-

195 4708 262 4778 φαλῇ
280 4710 314 4760 D:
335 4711 421 4763 rnaiirn
440 4716 485 4781 τῆς
503 4709 615 4779 κεφαλῆς
722 4708 750 4758 Π
770 4707 823 4777 ἔχει
841 4710 946 4778 scripsi:
965 4710 1030 4781 ἔχειν
1048 4710 1068 4761 i)
1177 4712 1205 4761 21
1228 4711 1381 4779 ὑπομείνειεν
1398 4712 1491 4779 scripsi
1510 4710 1551 4775 (ἂν

195 4797 310 4849 additum
330 4813 383 4849 nou
402 4813 467 4866 opus
486 4804 525 4850 est.
547 4799 578 4850 ci.
597 4796 659 4865 §85
677 4812 703 4864 p.
717 4796 804 4861 iridi:
828 4794 966 4866 ύπομείνειν
986 4799 1006 4850 Ι)
1113 4798 1145 4850 22
1169 4798 1272 4867 θήλειαν
1291 4800 1396 4867 scripsi:
1420 4798 1500 4869 θῆλυν
1520 4798 1550 4851 1).

197 4886 274 4938 ctiam
294 4885 357 4937 illud
377 4884 455 4955 θῆλυν
472 4883 546 4937 αῦτδν
565 4886 673 4953 cogitari
694 4891 780 4955 pcicsi.
