3510 5610
202 299 222 339 x
777 285 973 345 PRAEFATIO

201 462 259 527 sed
284 461 364 528 baec
386 482 464 526 saue
487 461 573 526 levia
595 468 669 527 sunt
701 462 882 546 legentibus
904 462 1119 528 incommoda:
1152 462 1374 545 gravissimum
1397 481 1436 527 ae
1458 460 1557 526 mole

203 581 376 646 stissimunr
400 582 431 646 iu
455 603 493 647 uo
517 590 566 648 est
592 582 677 665 quod
699 588 768 647 toto
797 583 878 648 libro
900 583 933 646 in
967 580 1132 665 pristinam
1159 581 1348 665 scripturam
1376 578 1556 646 corrector¹

203 710 378 781 grassatus,
412 700 439 765 si
462 700 538 784 quid
560 700 620 766 sibi
642 701 747 766 miuus
775 701 923 784 placebat
944 701 1062 783 deleto,
1096 700 1203 765 omnia
1228 700 1272 766 ad
1293 720 1385 766 suam
1407 720 1556 765 normam

201 818 375 886 reformata
397 820 550 887 exhibere
572 819 703 885 studuit.
748 826 781 885 et
803 821 953 886 Duebner
975 820 1103 903 quidem
1125 818 1226 902 ipsius
1247 818 1433 903 interpretis
1455 838 1555 885 manu

203 947 235 1004 et
257 945 378 1004 textum
402 940 712 1022 sangermanensem
740 944 773 1003 et
795 939 1007 1004 correctiones
1033 938 1169 1021 scriptas
1191 958 1262 1004 esse
1285 937 1442 1021 perhibet,
1474 938 1555 1003 mihi

201 1078 277 1123 vero
300 1079 364 1123 non
389 1059 557 1143 persuasit.
600 1059 701 1123 multa
723 1057 831 1124 hercle
864 1065 938 1122 sunt
959 1076 1043 1139 quae
1075 1057 1297 1142 apographum
1329 1058 1416 1123 huno
1439 1058 1554 1122 librum

108 1194 112 1199 ·
201 1197 272 1243 esse
287 1186 425 1260 arguant
440 1216 481 1224 -
497 1179 545 1263 (1)
561 1166 705 1263 duplices
721 1177 897 1261 scripturae
912 1175 945 1240 in
961 1195 1057 1240 unam
1072 1174 1234 1257 confusae,
1251 1176 1339 1241 velut
1359 1174 1555 1242 thordonem

201 1348 245 1434 (p.
260 1351 348 1436 ⁹153
372 1350 411 1416 cf.
427 1351 545 1436 bulo),
568 1351 654 1434 quod
676 1371 717 1417 ex
738 1298 878 1414 Tanagri
900 1355 1001 1413 ortum
1025 1369 1097 1415 esse
1116 1355 1265 1433 apparet,
1288 1334 1336 1434 (2')
1360 1349 1480 1413 omissa
1501 1371 1556 1415 vo·

202 1469 329 1551 cabula,
362 1471 510 1535 ascriba
539 1469 608 1536 sire
637 1469 829 1535 dormitante
863 1468 931 1533 sive
960 1467 1059 1532 oculis
1085 1468 1220 1552 decepto
1245 1469 1329 1536 inter
1350 1469 1554 1536 scribendum

201 1580 390 1673 praeterita,
424 1589 472 1672 (3)
496 1589 656 1654 tralaticia
678 1588 853 1654 scribarum
879 1587 1005 1669 menda,
1039 1588 1127 1652 velut
1148 1600 1282 1652 mortam
1304 1610 1362 1673 pro
1383 1591 1420 1654 iu
1441 1582 1554 1670 mum,

199 1728 334 1770 ramosos
356 1728 413 1791 pro
435 1710 580 1789 roeiosos,
594 1709 695 1794 suetis
716 1729 774 1792 pro
789 1707 956 1792 causostis,
981 1708 1105 1770 minora
1128 1729 1185 1790 pro
1200 1711 1405 1788 minorando,
1427 1708 1555 1773 caltores

200 1845 258 1908 pro
288 1827 461 1906 ooltdiorea,
498 1848 678 1912 consequens
713 1847 771 1912 pro
801 1829 1028 1910 inconsequens,
1067 1830 1209 1913 priorum
1244 1850 1302 1913 pro
1337 1830 1555 1914 proprior-ram

201 1944 251 2028 (4)
275 1945 421 2010 Graecae
444 1945 621 2012 locutiones
647 1946 678 2010 in
699 1946 779 2012 mira
801 1952 945 2010 monstra
966 1954 1119 2030 mutatae,
1141 1949 1229 2013 velut
1252 1949 1442 2032 μθτθθωρων,
1464 1970 1555 2010 oneo

200 2065 290 2140 deero,
313 2083 467 2149 eypurrror.
482 2067 638 2150 scotoma,
657 2067 829 2151 fastosmo,
858 2065 1024 2145 Terrcm'oo,
1046 2066 1232 2130 Poseidonias
1259 2103 1299 2111 -
1328 2085 1413 2148 quae
1435 2066 1556 2133 delicta

200 2181 233 2246 in
256 2183 327 2266 ipso
350 2184 533 2268 interprete,
567 2186 696 2252 homine
723 2186 845 2252 scilicet
867 2184 1000 2251 Graecis
1023 2184 1136 2251 litteris
1163 2187 1276 2251 saltem
1309 2183 1431 2249 imbuto
1455 2184 1556 2252 Grae

200 2320 335 2385 cumque
352 2306 518 2388 exemplar
539 2312 615 2371 ante
631 2307 740 2370 oeulos
756 2305 905 2388 habente,
929 2302 1128 2369 incredibilia
1143 2313 1262 2387 essent,
1285 2305 1318 2370 in
1342 2304 1473 2371 librario
1489 2322 1554 2372 non

201 2420 321 2487 habent
343 2425 428 2507 quod
451 2425 629 2491 admireris.
672 2445 733 2490 nec
755 2422 986 2489 correctionum
1009 2422 1172 2488 dissimilis
1194 2425 1285 2490 ratio.
1330 2444 1404 2490 nam
1428 2424 1454 2489 si
1470 2444 1555 2508 quae

200 2541 319 2623 passim
354 2544 433 2609 vitia
467 2543 581 2627 prioris
613 2545 791 2629 scripturae
824 2550 984 2609 corrector
1016 2542 1143 2608 sustulit
1176 2551 1208 2608 et
1242 2542 1361 2608 omissa
1393 2545 1554 2628 quaedam

200 2661 371 2743 supplevit,
394 2683 459 2726 uon
482 2671 589 2730 tamen
605 2665 678 2730 ideo
700 2671 749 2729 est
770 2661 1006 2744 intellegendus
1027 2662 1071 2727 ad
1087 2662 1245 2727 Graecum
1265 2664 1432 2746 exemplar
1446 2665 1556 2731 omnia

163 2858 165 2862 ι
200 2777 316 2842 iterum
338 2781 500 2867 exegisse3
534 2783 721 2866 praesertim
744 2802 814 2848 oum
838 2780 1005 2847 rideamus
1027 2802 1099 2847 eum
1122 2800 1351 2863 nonuunquam
1374 2801 1395 2847 a
1418 2784 1555 2851 veritate

200 2898 326 2980 longius
348 2899 574 2968 aberrasse-
592 2904 626 2968 id
649 2904 735 2988 quod
757 2904 978 2969 demonstrant
1001 2899 1062 2965 loci
1077 2900 1203 2981 Graeci,
1227 2899 1253 2964 si
1276 2900 1359 2967 forte
1382 2911 1556 2985 supersunt

200 3016 346 3099 quicum
370 3019 527 3086 versionis
553 3022 709 3107 scriptura
735 3022 950 3104 conferantur,
981 3040 1009 3086 e.
1031 3040 1061 3102 g.
1084 3018 1297 3083 Aristoteleus
1323 3019 1377 3087 ille
1401 3022 1445 3108 (p.
1464 3022 1555 3106 aaa)

200 3156 241 3200 ox
263 3136 394 3205 hleteor.
412 3139 451 3205 ll.
469 3141 489 3205 2
511 3142 644 3225 (abere)
667 3142 854 3225 desumptus
876 3142 976 3221 locus,
1000 3137 1053 3203 ubi
1069 3158 1140 3202 eum
1162 3138 1247 3202 dulei
1267 3140 1444 3206 rectissime
1467 3142 1556 3226 prior

199 3254 305 3321 scriba
327 3257 478 3342 dodisset,
513 3268 673 3327 corrector
702 3260 881 3325 inconsulte
908 3279 947 3324 ac
969 3265 1090 3322 temere
1117 3256 1224 3322 omnia
1251 3257 1410 3340 refingeus
1434 3281 1493 3343 pro
1516 3281 1554 3326 eo

198 3375 355 3439 dulcedine
385 3380 538 3461 reposuit.
587 3380 665 3444 istas
695 3378 803 3460 utique
830 3378 1044 3444 correctiones
1069 3354 1173 3459 nemo,
1208 3377 1331 3461 opinor,
1365 3378 1484 3444 dixerit
1512 3379 1555 3445 ab

199 3492 270 3576 ipso
293 3495 468 3580 interprete
489 3498 532 3563 ad
548 3499 674 3564 Graeca
696 3499 810 3564 iterum
833 3518 913 3580 opus
937 3496 1085 3578 exigente
1107 3495 1277 3579 profectas.
1322 3516 1420 3561 uuum
1443 3505 1553 3563 autem

199 3613 351 3697 concedo,
375 3636 439 3679 non
464 3638 574 3683 omnes
590 3637 630 3682 ex
653 3638 741 3683 mera
763 3616 945 3681 coniectura
968 3626 1055 3681 ortas
1078 3615 1190 3698 videri,
1213 3614 1356 3698 potuisse
1379 3617 1553 3685 nonnullas

199 3753 240 3796 ex
262 3753 300 3798 eo
324 3734 398 3799 oriri
426 3736 511 3818 quod
541 3737 637 3802 etiam
671 3737 704 3800 in
733 3735 909 3820 archetypo
941 3735 1050 3800 codiee
1079 3735 1203 3800 alterae
1228 3733 1417 3818 adfuissent,
1452 3743 1488 3799 ut
1508 3735 1554 3819 fit,

198 3853 377 3936 scripturae
410 3852 492 3938 (sive
517 3875 617 3938 super
648 3875 774 3920 versum
802 3854 929 3919 sivein
958 3853 1102 3936 margine
1123 3853 1307 3940 adpositae)
1339 3873 1421 3938 quas
1447 3855 1554 3939 priore

199 3971 373 4055 scriptione
396 3992 489 4038 erasa
509 3973 541 4037 in
565 3981 686 4038 textum
706 3982 864 4038 corrector
886 3971 1039 4037 intulerit.
1083 3981 1224 4038 ceterum
1241 3981 1275 4037 ut
1296 3973 1338 4037 de
1360 3992 1395 4037 re
1418 3975 1555 4040 obseura

179 4070 230 4155 ‘et
252 4091 351 4157 dubia
373 4091 453 4155 nihil
474 4091 618 4156 adfirmo.
663 4091 742 4156 illud
764 4098 888 4156 tantum
909 4090 1080 4158 admoneo:
1108 4093 1135 4157 si
1158 4091 1234 4174 quid
1256 4089 1290 4154 in
1312 4109 1425 4157 rasura
1448 4094 1553 4159 estin

198 4210 317 4293 codiee,
352 4231 517 4276 numerum
552 4211 729 4276 litterarum
757 4230 921 4275 erasarum
949 4213 982 4276 in
1005 4211 1222 4278 Adnotatione
1245 4209 1380 4276 subinde
1403 4211 1554 4296 indicavi,

198 4328 244 4392 ita
266 4336 373 4395 tamen
397 4338 431 4394 ut
453 4329 513 4413 ipsi
537 4349 669 4394 numero
693 4329 791 4393 nolim
813 4330 906 4395 nimis
929 4331 1038 4415 tribui,
1071 4330 1177 4414 potuit
1200 4348 1279 4393 saue
1306 4329 1435 4395 modum
1458 4352 1480 4395 a
1503 4353 1554 4399 me

196 4447 371 4512 indicatum
395 4449 552 4533 scriptura
574 4468 669 4514 erasa
691 4450 857 4533 excedere,
881 4451 1007 4516 brevior
1030 4469 1068 4515 eo
1091 4468 1163 4514 esse
1186 4447 1240 4512 vix
1256 4448 1372 4531 potuit:
1399 4471 1464 4532 qua
1486 4473 1549 4517 mo·

196 4566 317 4633 uitione
341 4588 421 4649 opus
444 4576 501 4650 est,
538 4568 671 4650 nequis
694 4569 768 4632 dum
795 4568 904 4651 apices
938 4569 1150 4634 litterularum
1178 4566 1334 4630 curiosius
1357 4577 1486 4652 reputat
1507 4570 1548 4636 de

195 4685 290 4748 rebus
313 4685 515 4767 gravioribus
537 4686 569 4749 iu
593 4686 738 4751 fraudem
765 4687 944 4752 delabatur.

268 4894 274 4925 ¹
300 4891 346 4945 Vel
365 4896 529 4957 correctores,
547 4893 571 4944 si
589 4908 649 4944 vera
668 4899 708 4945 est
726 4909 803 4961 quam
821 4894 941 4961 superius
959 4895 1073 4946 indicavi
1092 4895 1218 4962 suspicio.
