<?xml version="1.0" encoding="UTF-8"?>
<!DOCTYPE html PUBLIC "-//W3C//DTD XHTML 1.0 Transitional//EN"
    "http://www.w3.org/TR/xhtml1/DTD/xhtml1-transitional.dtd">
<html xmlns="http://www.w3.org/1999/xhtml" xml:lang="en" lang="en">
 <head>
  <title>
</title>
<meta http-equiv="Content-Type" content="text/html;charset=utf-8" />
  <meta name='ocr-system' content='tesseract 3.04.00' />
  <meta name='ocr-capabilities' content='ocr_page ocr_carea ocr_par ocr_line ocrx_word'/>
</head>
<body>
  <div class='ocr_page' id='page_1' title='image "./supplementumari01arisgoog_0098.png"; bbox 0 0 3510 5610; ppageno 0'>
   <div class='ocr_carea' id='block_1_1' title="bbox 359 326 1560 395">
    <p class='ocr_par' dir='ltr' id='par_1_1' title="bbox 359 326 1560 395">
     <span class='ocr_line' id='line_1_1' title="bbox 359 326 1560 395; baseline 0.002 -15"><span class='ocrx_word' id='word_1_1' title='bbox 359 327 610 381; x_wconf 78' lang='lat' dir='ltr'>ARISTOPHANIS</span> <span class='ocrx_word' id='word_1_2' title='bbox 628 327 813 381; x_wconf 78' lang='lat' dir='ltr'>HISTORIAE</span> <span class='ocrx_word' id='word_1_3' title='bbox 833 327 1025 382; x_wconf 73' lang='lat' dir='ltr'><strong>ANfflAfflUM</strong></span> <span class='ocrx_word' id='word_1_4' title='bbox 1044 328 1193 381; x_wconf 79' lang='lat' dir='ltr'><strong>EPITOME</strong></span> <span class='ocrx_word' id='word_1_5' title='bbox 1211 328 1235 382; x_wconf 90' lang='lat'>11</span> <span class='ocrx_word' id='word_1_6' title='bbox 1256 328 1400 381; x_wconf 79' lang='grc'>121-129</span> <span class='ocrx_word' id='word_1_7' title='bbox 1440 326 1444 331; x_wconf 82' lang='grc'><strong>’</strong></span> <span class='ocrx_word' id='word_1_8' title='bbox 1518 329 1560 395; x_wconf 88' lang='grc'>69</span> 
     </span>
    </p>
   </div>
   <div class='ocr_carea' id='block_1_2' title="bbox 155 499 1576 3256">
    <p class='ocr_par' dir='ltr' id='par_1_2' title="bbox 255 499 1511 896">
     <span class='ocr_line' id='line_1_2' title="bbox 259 499 1510 588; baseline 0 -25"><span class='ocrx_word' id='word_1_9' title='bbox 259 525 343 584; x_wconf 87' lang='grc' dir='ltr'>μενος</span> <span class='ocrx_word' id='word_1_10' title='bbox 365 506 475 582; x_wconf 90' lang='grc' dir='ltr'>λοῦται,</span> <span class='ocrx_word' id='word_1_11' title='bbox 499 503 546 564; x_wconf 87' lang='grc' dir='ltr'>καῖ</span> <span class='ocrx_word' id='word_1_12' title='bbox 568 504 669 588; x_wconf 79' lang='grc' dir='ltr'>ἥδεται</span> <span class='ocrx_word' id='word_1_13' title='bbox 691 508 732 587; x_wconf 78' lang='grc' dir='ltr'>τῷ</span> <span class='ocrx_word' id='word_1_14' title='bbox 749 506 862 586; x_wconf 75' lang='grc' dir='ltr'>λουτριγῖ</span> <span class='ocrx_word' id='word_1_15' title='bbox 886 502 960 565; x_wconf 83' lang='grc' dir='ltr'>κατὰ</span> <span class='ocrx_word' id='word_1_16' title='bbox 975 502 1041 572; x_wconf 84' lang='grc' dir='ltr'>τοῦς</span> <span class='ocrx_word' id='word_1_17' title='bbox 1063 503 1307 587; x_wconf 86' lang='grc' dir='ltr'>τῶνάνθρώπων</span> <span class='ocrx_word' id='word_1_18' title='bbox 1328 499 1510 587; x_wconf 86' lang='grc' dir='ltr'>ἁβροτέρους.</span> 
     </span>
     <span class='ocr_line' id='line_1_3' title="bbox 255 603 1511 690; baseline 0.001 -23"><span class='ocrx_word' id='word_1_19' title='bbox 255 604 318 667; x_wconf 78' lang='grc' dir='ltr'>εἶτα</span> <span class='ocrx_word' id='word_1_20' title='bbox 344 605 514 669; x_wconf 86' lang='grc' dir='ltr'>ἐπανελθὼν</span> <span class='ocrx_word' id='word_1_21' title='bbox 540 605 576 668; x_wconf 86' lang='grc' dir='ltr'>τὰ</span> <span class='ocrx_word' id='word_1_22' title='bbox 604 603 680 689; x_wconf 88' lang='grc' dir='ltr'>άνθη</span> <span class='ocrx_word' id='word_1_23' title='bbox 708 606 811 681; x_wconf 87' lang='grc' dir='ltr'>ποθεῖ,</span> <span class='ocrx_word' id='word_1_24' title='bbox 838 606 886 667; x_wconf 89' lang='grc' dir='ltr'>καὶ</span> <span class='ocrx_word' id='word_1_25' title='bbox 914 605 968 690; x_wconf 77' lang='grc' dir='ltr'>βοᾷ</span> <span class='ocrx_word' id='word_1_26' title='bbox 996 605 1200 690; x_wconf 75' lang='grc' dir='ltr'>βραδύνοντος,</span> <span class='ocrx_word' id='word_1_27' title='bbox 1229 606 1277 668; x_wconf 89' lang='grc' dir='ltr'>καὶ</span> <span class='ocrx_word' id='word_1_28' title='bbox 1306 606 1362 690; x_wconf 82' lang='grc' dir='ltr'>οὐχ</span> <span class='ocrx_word' id='word_1_29' title='bbox 1390 608 1511 690; x_wconf 81' lang='grc' dir='ltr'>αἱρεῖται</span> 
     </span>
     <span class='ocr_line' id='line_1_4' title="bbox 258 707 1511 793; baseline 0 -24"><span class='ocrx_word' id='word_1_30' title='bbox 258 708 367 791; x_wconf 79' lang='grc' dir='ltr'>τροφὴν</span> <span class='ocrx_word' id='word_1_31' title='bbox 394 709 459 792; x_wconf 84' lang='grc' dir='ltr'>πρὶν</span> <span class='ocrx_word' id='word_1_32' title='bbox 485 708 505 790; x_wconf 76' lang='grc' dir='ltr'>ἢ</span> <span class='ocrx_word' id='word_1_33' title='bbox 532 707 640 791; x_wconf 78' lang='grc' dir='ltr'>κομίσῃ</span> <span class='ocrx_word' id='word_1_34' title='bbox 665 709 706 776; x_wconf 91' lang='grc' dir='ltr'>τίς</span> <span class='ocrx_word' id='word_1_35' title='bbox 728 710 754 770; x_wconf 82' lang='grc' dir='ltr'>οἱ</span> <span class='ocrx_word' id='word_1_36' title='bbox 778 707 833 771; x_wconf 78' lang='grc' dir='ltr'>ὅσα</span> <span class='ocrx_word' id='word_1_37' title='bbox 855 707 1020 791; x_wconf 77' lang='grc' dir='ltr'>ἐτρύγησεν.</span> <span class='ocrx_word' id='word_1_38' title='bbox 1065 707 1127 771; x_wconf 84' lang='grc' dir='ltr'>εἶτα</span> <span class='ocrx_word' id='word_1_39' title='bbox 1155 708 1251 790; x_wconf 83' lang='grc' dir='ltr'>μέντοι</span> <span class='ocrx_word' id='word_1_40' title='bbox 1275 712 1313 792; x_wconf 73' lang='grc' dir='ltr'>τῇ</span> <span class='ocrx_word' id='word_1_41' title='bbox 1343 708 1511 793; x_wconf 81' lang='grc' dir='ltr'>προβοσκίδι</span> 
     </span>
     <span class='ocr_line' id='line_1_5' title="bbox 256 810 1510 896; baseline 0.001 -23"><span class='ocrx_word' id='word_1_42' title='bbox 256 811 461 894; x_wconf 79' lang='grc' dir='ltr'>ἀναιρούμενος</span> <span class='ocrx_word' id='word_1_43' title='bbox 487 811 521 874; x_wconf 87' lang='grc' dir='ltr'>ἐκ</span> <span class='ocrx_word' id='word_1_44' title='bbox 547 815 598 874; x_wconf 90' lang='grc' dir='ltr'>τοῦ</span> <span class='ocrx_word' id='word_1_45' title='bbox 625 810 753 895; x_wconf 87' lang='grc' dir='ltr'>ταλάρου</span> <span class='ocrx_word' id='word_1_46' title='bbox 781 816 832 894; x_wconf 75' lang='grc' dir='ltr'>τῆς</span> <span class='ocrx_word' id='word_1_47' title='bbox 860 812 970 896; x_wconf 88' lang='grc' dir='ltr'>φάτνης</span> <span class='ocrx_word' id='word_1_48' title='bbox 997 813 1170 873; x_wconf 75' lang='grc' dir='ltr'>κατατάττει</span> <span class='ocrx_word' id='word_1_49' title='bbox 1198 811 1233 874; x_wconf 79' lang='grc' dir='ltr'>τὰ</span> <span class='ocrx_word' id='word_1_50' title='bbox 1262 811 1365 895; x_wconf 83' lang='grc' dir='ltr'>χείλη,</span> <span class='ocrx_word' id='word_1_51' title='bbox 1393 813 1510 895; x_wconf 75' lang='grc' dir='ltr'>ἥδυσμα</span> 
     </span>
    </p>

    <p class='ocr_par' dir='ltr' id='par_1_3' title="bbox 226 912 1510 1407">
     <span class='ocr_line' id='line_1_6' title="bbox 226 912 1510 998; baseline 0.002 -24"><span class='ocrx_word' id='word_1_52' title='bbox 226 912 341 976; x_wconf 75' lang='grc' dir='ltr'>στυῦτύ</span> <span class='ocrx_word' id='word_1_53' title='bbox 363 937 395 994; x_wconf 89' lang='grc' dir='ltr'>γε</span> <span class='ocrx_word' id='word_1_54' title='bbox 417 918 454 996; x_wconf 68' lang='grc' dir='ltr'>τῇ</span> <span class='ocrx_word' id='word_1_55' title='bbox 479 917 574 998; x_wconf 75' lang='grc' dir='ltr'>τροφῇ</span> <span class='ocrx_word' id='word_1_56' title='bbox 598 912 645 976; x_wconf 85' lang='grc' dir='ltr'>διὰ</span> <span class='ocrx_word' id='word_1_57' title='bbox 666 917 719 995; x_wconf 79' lang='grc' dir='ltr'>τῆς</span> <span class='ocrx_word' id='word_1_58' title='bbox 741 912 877 996; x_wconf 88' lang='grc' dir='ltr'>εῦοσμίας</span> <span class='ocrx_word' id='word_1_59' title='bbox 899 914 1036 987; x_wconf 82' lang='grc' dir='ltr'>ἐπινοῶν,</span> <span class='ocrx_word' id='word_1_60' title='bbox 1064 917 1104 981; x_wconf 90' lang='grc' dir='ltr'>ώς</span> <span class='ocrx_word' id='word_1_61' title='bbox 1125 915 1224 976; x_wconf 86' lang='grc' dir='ltr'>εἰπεῖν.</span> <span class='ocrx_word' id='word_1_62' title='bbox 1269 914 1454 997; x_wconf 68' lang='grc' dir='ltr'>κατασπεῖραι</span> <span class='ocrx_word' id='word_1_63' title='bbox 1478 914 1510 976; x_wconf 89' lang='grc' dir='ltr'>δέ</span> 
     </span>
     <span class='ocr_line' id='line_1_7' title="bbox 256 1013 1510 1101; baseline 0 -23"><span class='ocrx_word' id='word_1_64' title='bbox 256 1016 304 1078; x_wconf 85' lang='grc' dir='ltr'>καὶ</span> <span class='ocrx_word' id='word_1_65' title='bbox 332 1021 383 1078; x_wconf 92' lang='grc' dir='ltr'>τοῦ</span> <span class='ocrx_word' id='word_1_66' title='bbox 412 1019 513 1101; x_wconf 86' lang='grc' dir='ltr'>χώρου</span> <span class='ocrx_word' id='word_1_67' title='bbox 541 1013 613 1078; x_wconf 86' lang='grc' dir='ltr'>ἔνθα</span> <span class='ocrx_word' id='word_1_68' title='bbox 641 1014 786 1086; x_wconf 73' lang='grc' dir='ltr'>αὐλίζεται</span> <span class='ocrx_word' id='word_1_69' title='bbox 812 1020 870 1078; x_wconf 89' lang='grc' dir='ltr'>τῶν</span> <span class='ocrx_word' id='word_1_70' title='bbox 898 1015 1011 1078; x_wconf 88' lang='grc' dir='ltr'>ἀνθέων</span> <span class='ocrx_word' id='word_1_71' title='bbox 1040 1018 1146 1091; x_wconf 89' lang='grc' dir='ltr'>πολλά,</span> <span class='ocrx_word' id='word_1_72' title='bbox 1176 1015 1336 1100; x_wconf 73' lang='grc' dir='ltr'>ἡδυσμένον</span> <span class='ocrx_word' id='word_1_73' title='bbox 1364 1016 1510 1100; x_wconf 87' lang='grc' dir='ltr'>αίρεῖσθαι</span> 
     </span>
     <span class='ocr_line' id='line_1_8' title="bbox 256 1116 1508 1203; baseline 0.006 -25"><span class='ocrx_word' id='word_1_74' title='bbox 256 1116 429 1202; x_wconf 72' lang='grc' dir='ltr'>γλιχόμενος</span> <span class='ocrx_word' id='word_1_75' title='bbox 456 1119 552 1181; x_wconf 90' lang='grc' dir='ltr'>ῦπνον.</span> <span class='ocrx_word' id='word_1_76' title='bbox 594 1117 675 1181; x_wconf 82' lang='grc' dir='ltr'>Ἰνδοὶ</span> <span class='ocrx_word' id='word_1_77' title='bbox 702 1120 734 1180; x_wconf 87' lang='grc' dir='ltr'>δὲ</span> <span class='ocrx_word' id='word_1_78' title='bbox 761 1117 915 1203; x_wconf 78' lang='grc' dir='ltr'>ἐλέφαντες</span> <span class='ocrx_word' id='word_1_79' title='bbox 941 1117 1015 1201; x_wconf 77' lang='grc' dir='ltr'>ἦσαν</span> <span class='ocrx_word' id='word_1_80' title='bbox 1041 1118 1098 1202; x_wconf 87' lang='grc' dir='ltr'>άρα</span> <span class='ocrx_word' id='word_1_81' title='bbox 1125 1123 1231 1203; x_wconf 83' lang='grc' dir='ltr'>πηχῶν</span> <span class='ocrx_word' id='word_1_82' title='bbox 1259 1117 1341 1181; x_wconf 84' lang='grc' dir='ltr'>ἐννέα</span> <span class='ocrx_word' id='word_1_83' title='bbox 1369 1121 1400 1181; x_wconf 84' lang='grc' dir='ltr'>τὸ</span> <span class='ocrx_word' id='word_1_84' title='bbox 1429 1119 1508 1202; x_wconf 75' lang='grc' dir='ltr'>ῦψυς,</span> 
     </span>
     <span class='ocr_line' id='line_1_9' title="bbox 257 1219 1510 1306; baseline 0 -24"><span class='ocrx_word' id='word_1_85' title='bbox 257 1220 342 1282; x_wconf 83' lang='grc' dir='ltr'>πέντε</span> <span class='ocrx_word' id='word_1_86' title='bbox 364 1222 397 1283; x_wconf 83' lang='grc' dir='ltr'>δὲ</span> <span class='ocrx_word' id='word_1_87' title='bbox 419 1221 451 1283; x_wconf 89' lang='grc' dir='ltr'>τδ</span> <span class='ocrx_word' id='word_1_88' title='bbox 474 1219 566 1302; x_wconf 85' lang='grc' dir='ltr'>εῦρος.</span> <span class='ocrx_word' id='word_1_89' title='bbox 605 1220 732 1304; x_wconf 89' lang='grc' dir='ltr'>μέγιστοι</span> <span class='ocrx_word' id='word_1_90' title='bbox 755 1222 787 1284; x_wconf 82' lang='grc' dir='ltr'>δὲ</span> <span class='ocrx_word' id='word_1_91' title='bbox 809 1221 865 1306; x_wconf 86' lang='grc' dir='ltr'>ἄρα</span> <span class='ocrx_word' id='word_1_92' title='bbox 888 1225 944 1282; x_wconf 92' lang='grc' dir='ltr'>τῶν</span> <span class='ocrx_word' id='word_1_93' title='bbox 968 1221 1080 1283; x_wconf 86' lang='grc' dir='ltr'>ἐκεῖθεν</span> <span class='ocrx_word' id='word_1_94' title='bbox 1103 1221 1268 1306; x_wconf 81' lang='grc' dir='ltr'>ἐλεφάντων</span> <span class='ocrx_word' id='word_1_95' title='bbox 1291 1222 1318 1284; x_wconf 82' lang='grc' dir='ltr'>οἱ</span> <span class='ocrx_word' id='word_1_96' title='bbox 1338 1221 1510 1304; x_wconf 86' lang='grc' dir='ltr'>καλούμενοι</span> 
     </span>
     <span class='ocr_line' id='line_1_10' title="bbox 259 1321 1148 1407; baseline 0 -21"><span class='ocrx_word' id='word_1_97' title='bbox 259 1323 401 1407; x_wconf 84' lang='grc' dir='ltr'>Πραίσιοι,</span> <span class='ocrx_word' id='word_1_98' title='bbox 424 1322 551 1406; x_wconf 82' lang='grc' dir='ltr'>δεύτεροι</span> <span class='ocrx_word' id='word_1_99' title='bbox 573 1323 605 1384; x_wconf 85' lang='grc' dir='ltr'>δὲ</span> <span class='ocrx_word' id='word_1_100' title='bbox 629 1321 662 1384; x_wconf 81' lang='grc' dir='ltr'>ἂν</span> <span class='ocrx_word' id='word_1_101' title='bbox 685 1324 781 1386; x_wconf 83' lang='grc' dir='ltr'>αὐτῶν</span> <span class='ocrx_word' id='word_1_102' title='bbox 804 1326 948 1386; x_wconf 85' lang='grc' dir='ltr'>τάττοιντυ</span> <span class='ocrx_word' id='word_1_103' title='bbox 971 1325 997 1385; x_wconf 84' lang='grc' dir='ltr'>οί</span> <span class='ocrx_word' id='word_1_104' title='bbox 1021 1322 1148 1393; x_wconf 78' lang='grc' dir='ltr'>λἀξίλαι.</span> 
     </span>
    </p>

    <p class='ocr_par' dir='ltr' id='par_1_4' title="bbox 212 1422 1562 1922">
     <span class='ocr_line' id='line_1_11' title="bbox 212 1422 1562 1511; baseline -0.001 -27"><span class='ocrx_word' id='word_1_105' title='bbox 212 1441 241 1484; x_wconf 89' lang='lat'>10</span> <span class='ocrx_word' id='word_1_106' title='bbox 341 1426 435 1508; x_wconf 78' lang='lat'>(128)</span> <span class='ocrx_word' id='word_1_107' title='bbox 460 1422 463 1509; x_wconf 67' lang='grc' dir='ltr'>λ</span> <span class='ocrx_word' id='word_1_108' title='bbox 487 1423 545 1488; x_wconf 84' lang='grc' dir='ltr'>Τὸν</span> <span class='ocrx_word' id='word_1_109' title='bbox 565 1423 659 1489; x_wconf 80' lang='grc' dir='ltr'>Ἰνδῶν</span> <span class='ocrx_word' id='word_1_110' title='bbox 682 1426 803 1510; x_wconf 81' lang='grc' dir='ltr'>βασιλέα</span> <span class='ocrx_word' id='word_1_111' title='bbox 825 1426 960 1511; x_wconf 87' lang='grc' dir='ltr'>προϊύντα</span> <span class='ocrx_word' id='word_1_112' title='bbox 983 1427 1029 1488; x_wconf 84' lang='grc' dir='ltr'>ἐπὶ</span> <span class='ocrx_word' id='word_1_113' title='bbox 1050 1426 1131 1494; x_wconf 86' lang='grc' dir='ltr'>δίκας</span> <span class='ocrx_word' id='word_1_114' title='bbox 1153 1431 1310 1509; x_wconf 84' lang='grc' dir='ltr'>προσκυνεῖ</span> <span class='ocrx_word' id='word_1_115' title='bbox 1331 1426 1346 1487; x_wconf 86' lang='grc' dir='ltr'>ὁ</span> <span class='ocrx_word' id='word_1_116' title='bbox 1370 1425 1477 1510; x_wconf 87' lang='grc' dir='ltr'>ἐλέφας</span> <span class='ocrx_word' id='word_1_117' title='bbox 1487 1441 1562 1484; x_wconf 65' lang='grc' dir='ltr'>τατοι</span> 
     </span>
     <span class='ocr_line' id='line_1_12' title="bbox 257 1528 1510 1614; baseline -0.002 -22"><span class='ocrx_word' id='word_1_118' title='bbox 257 1534 381 1614; x_wconf 79' lang='grc' dir='ltr'>πρῶτος,</span> <span class='ocrx_word' id='word_1_119' title='bbox 404 1528 603 1613; x_wconf 68' lang='grc' dir='ltr'>δεδιδαγμένος</span> <span class='ocrx_word' id='word_1_120' title='bbox 626 1532 720 1604; x_wconf 88' lang='grc' dir='ltr'>τοῦτο,</span> <span class='ocrx_word' id='word_1_121' title='bbox 743 1531 791 1592; x_wconf 82' lang='grc' dir='ltr'>καὶ</span> <span class='ocrx_word' id='word_1_122' title='bbox 814 1532 891 1613; x_wconf 89' lang='grc' dir='ltr'>μάλα</span> <span class='ocrx_word' id='word_1_123' title='bbox 911 1553 943 1612; x_wconf 92' lang='grc' dir='ltr'>γε</span> <span class='ocrx_word' id='word_1_124' title='bbox 966 1531 1041 1611; x_wconf 87' lang='grc' dir='ltr'>δρῶν</span> <span class='ocrx_word' id='word_1_125' title='bbox 1068 1528 1221 1612; x_wconf 84' lang='grc' dir='ltr'>μνημύνως</span> <span class='ocrx_word' id='word_1_126' title='bbox 1243 1553 1274 1590; x_wconf 90' lang='grc' dir='ltr'>τε</span> <span class='ocrx_word' id='word_1_127' title='bbox 1296 1530 1344 1591; x_wconf 88' lang='grc' dir='ltr'>καὶ</span> <span class='ocrx_word' id='word_1_128' title='bbox 1367 1528 1510 1597; x_wconf 77' lang='grc' dir='ltr'>εὐπειθῶς</span> 
     </span>
     <span class='ocr_line' id='line_1_13' title="bbox 257 1629 1510 1716; baseline -0.002 -21"><span class='ocrx_word' id='word_1_129' title='bbox 257 1631 337 1695; x_wconf 87' lang='grc' dir='ltr'>αῦτῦ.</span> <span class='ocrx_word' id='word_1_130' title='bbox 382 1632 545 1715; x_wconf 81' lang='grc' dir='ltr'>παρέστηκε</span> <span class='ocrx_word' id='word_1_131' title='bbox 568 1631 600 1694; x_wconf 83' lang='grc' dir='ltr'>δὲ</span> <span class='ocrx_word' id='word_1_132' title='bbox 622 1632 671 1693; x_wconf 89' lang='grc' dir='ltr'>καὶ</span> <span class='ocrx_word' id='word_1_133' title='bbox 691 1632 813 1708; x_wconf 86' lang='grc' dir='ltr'>ἐκεῖνος,</span> <span class='ocrx_word' id='word_1_134' title='bbox 837 1631 926 1716; x_wconf 85' lang='grc' dir='ltr'>ύσπερ</span> <span class='ocrx_word' id='word_1_135' title='bbox 950 1631 999 1695; x_wconf 90' lang='grc' dir='ltr'>οῦν</span> <span class='ocrx_word' id='word_1_136' title='bbox 1023 1633 1169 1696; x_wconf 81' lang='grc' dir='ltr'>ἐνδίδωσίν</span> <span class='ocrx_word' id='word_1_137' title='bbox 1192 1634 1218 1695; x_wconf 86' lang='grc' dir='ltr'>οἱ</span> <span class='ocrx_word' id='word_1_138' title='bbox 1242 1636 1292 1695; x_wconf 90' lang='grc' dir='ltr'>τοῦ</span> <span class='ocrx_word' id='word_1_139' title='bbox 1316 1629 1510 1712; x_wconf 77' lang='grc' dir='ltr'>παιδεύματος</span> 
     </span>
     <span class='ocr_line' id='line_1_14' title="bbox 255 1733 1536 1820; baseline -0.005 -24"><span class='ocrx_word' id='word_1_140' title='bbox 255 1736 307 1818; x_wconf 79' lang='grc' dir='ltr'>τὴν</span> <span class='ocrx_word' id='word_1_141' title='bbox 331 1733 491 1818; x_wconf 85' lang='grc' dir='ltr'>ῦπύμνησιν</span> <span class='ocrx_word' id='word_1_142' title='bbox 513 1739 550 1815; x_wconf 77' lang='grc' dir='ltr'>τῇ</span> <span class='ocrx_word' id='word_1_143' title='bbox 575 1734 608 1796; x_wconf 89' lang='grc' dir='ltr'>ἐκ</span> <span class='ocrx_word' id='word_1_144' title='bbox 630 1739 682 1816; x_wconf 77' lang='grc' dir='ltr'>τῆς</span> <span class='ocrx_word' id='word_1_145' title='bbox 705 1735 799 1818; x_wconf 80' lang='grc' dir='ltr'>άρπης</span> <span class='ocrx_word' id='word_1_146' title='bbox 822 1733 936 1816; x_wconf 87' lang='grc' dir='ltr'>κρούσει</span> <span class='ocrx_word' id='word_1_147' title='bbox 959 1735 1007 1796; x_wconf 86' lang='grc' dir='ltr'>καὶ</span> <span class='ocrx_word' id='word_1_148' title='bbox 1030 1739 1115 1819; x_wconf 73' lang='grc' dir='ltr'>φωνῇ</span> <span class='ocrx_word' id='word_1_149' title='bbox 1139 1758 1190 1796; x_wconf 88' lang='grc' dir='ltr'>τινι</span> <span class='ocrx_word' id='word_1_150' title='bbox 1217 1734 1385 1820; x_wconf 79' lang='grc' dir='ltr'>ἐπιχωρίῳ,</span> <span class='ocrx_word' id='word_1_151' title='bbox 1414 1733 1508 1815; x_wconf 77' lang='grc' dir='ltr'>ἧσπερ</span> <span class='ocrx_word' id='word_1_152' title='bbox 1533 1783 1536 1789; x_wconf 89' lang='grc'>.</span> 
     </span>
     <span class='ocr_line' id='line_1_15' title="bbox 255 1834 1507 1922; baseline -0.002 -23"><span class='ocrx_word' id='word_1_153' title='bbox 255 1835 304 1899; x_wconf 86' lang='grc' dir='ltr'>οῦν</span> <span class='ocrx_word' id='word_1_154' title='bbox 335 1836 490 1922; x_wconf 84' lang='grc' dir='ltr'>ἐλέφαντες</span> <span class='ocrx_word' id='word_1_155' title='bbox 517 1835 627 1898; x_wconf 81' lang='grc' dir='ltr'>ἐπαΐειν</span> <span class='ocrx_word' id='word_1_156' title='bbox 654 1836 791 1921; x_wconf 79' lang='grc' dir='ltr'>εἰλήχασι</span> <span class='ocrx_word' id='word_1_157' title='bbox 820 1835 904 1920; x_wconf 85' lang='grc' dir='ltr'>φύσει</span> <span class='ocrx_word' id='word_1_158' title='bbox 934 1839 987 1899; x_wconf 86' lang='grc' dir='ltr'>τινὶ</span> <span class='ocrx_word' id='word_1_159' title='bbox 1017 1838 1174 1922; x_wconf 77' lang='grc' dir='ltr'>ἀπορρήτῳ</span> <span class='ocrx_word' id='word_1_160' title='bbox 1204 1834 1253 1901; x_wconf 80' lang='grc' dir='ltr'>κύιὶ</span> <span class='ocrx_word' id='word_1_161' title='bbox 1283 1839 1360 1918; x_wconf 81' lang='grc' dir='ltr'>μάλα</span> <span class='ocrx_word' id='word_1_162' title='bbox 1387 1857 1420 1917; x_wconf 93' lang='grc' dir='ltr'>γε</span> <span class='ocrx_word' id='word_1_163' title='bbox 1451 1835 1507 1918; x_wconf 75' lang='grc' dir='ltr'>ἰδία</span> 
     </span>
    </p>

    <p class='ocr_par' dir='ltr' id='par_1_5' title="bbox 215 1938 1576 2434">
     <span class='ocr_line' id='line_1_16' title="bbox 215 1938 1508 2023; baseline -0.002 -22"><span class='ocrx_word' id='word_1_164' title='bbox 215 1957 244 2001; x_wconf 80' lang='lat'>15</span> <span class='ocrx_word' id='word_1_165' title='bbox 256 1941 360 2005; x_wconf 91' lang='grc' dir='ltr'>τούτου</span> <span class='ocrx_word' id='word_1_166' title='bbox 383 1945 434 2002; x_wconf 91' lang='grc' dir='ltr'>τοῦ</span> <span class='ocrx_word' id='word_1_167' title='bbox 458 1938 547 2023; x_wconf 76' lang='grc' dir='ltr'>ζῴου.</span> <span class='ocrx_word' id='word_1_168' title='bbox 591 1940 640 2001; x_wconf 80' lang='grc' dir='ltr'>καὶ</span> <span class='ocrx_word' id='word_1_169' title='bbox 665 1939 761 2023; x_wconf 86' lang='grc' dir='ltr'>μέντοι</span> <span class='ocrx_word' id='word_1_170' title='bbox 782 1962 814 2020; x_wconf 87' lang='grc' dir='ltr'>γε</span> <span class='ocrx_word' id='word_1_171' title='bbox 840 1939 888 2001; x_wconf 85' lang='grc' dir='ltr'>καὶ</span> <span class='ocrx_word' id='word_1_172' title='bbox 910 1938 1019 2022; x_wconf 87' lang='grc' dir='ltr'>κίνησίν</span> <span class='ocrx_word' id='word_1_173' title='bbox 1047 1963 1108 2002; x_wconf 84' lang='grc' dir='ltr'>τινα</span> <span class='ocrx_word' id='word_1_174' title='bbox 1136 1941 1311 2002; x_wconf 79' lang='grc' dir='ltr'>ῦποκινεῖται</span> <span class='ocrx_word' id='word_1_175' title='bbox 1339 1940 1508 2021; x_wconf 76' lang='grc' dir='ltr'>πολεμικήν,</span> 
     </span>
     <span class='ocr_line' id='line_1_17' title="bbox 256 2040 1508 2124; baseline -0.004 -17"><span class='ocrx_word' id='word_1_176' title='bbox 256 2045 316 2107; x_wconf 89' lang='grc' dir='ltr'>οῖον</span> <span class='ocrx_word' id='word_1_177' title='bbox 339 2042 551 2124; x_wconf 85' lang='grc' dir='ltr'>ἐνδεικνύμενος</span> <span class='ocrx_word' id='word_1_178' title='bbox 574 2040 617 2104; x_wconf 80' lang='grc' dir='ltr'>δτι</span> <span class='ocrx_word' id='word_1_179' title='bbox 638 2044 687 2105; x_wconf 79' lang='grc' dir='ltr'>καὶ</span> <span class='ocrx_word' id='word_1_180' title='bbox 710 2047 794 2105; x_wconf 90' lang='grc' dir='ltr'>τοῦτο</span> <span class='ocrx_word' id='word_1_181' title='bbox 821 2042 854 2103; x_wconf 85' lang='grc' dir='ltr'>τὸ</span> <span class='ocrx_word' id='word_1_182' title='bbox 882 2042 1007 2124; x_wconf 85' lang='grc' dir='ltr'>μάθημα</span> <span class='ocrx_word' id='word_1_183' title='bbox 1035 2043 1192 2114; x_wconf 72' lang='grc' dir='ltr'>ἀποσώζει.</span> <span class='ocrx_word' id='word_1_184' title='bbox 1238 2041 1375 2124; x_wconf 83' lang='grc' dir='ltr'>τέσσαρες</span> <span class='ocrx_word' id='word_1_185' title='bbox 1401 2041 1433 2103; x_wconf 85' lang='grc' dir='ltr'>δὲ</span> <span class='ocrx_word' id='word_1_186' title='bbox 1462 2041 1508 2103; x_wconf 87' lang='grc' dir='ltr'>καὶ</span> 
     </span>
     <span class='ocr_line' id='line_1_18' title="bbox 256 2141 1576 2231; baseline -0.004 -22"><span class='ocrx_word' id='word_1_187' title='bbox 256 2146 348 2210; x_wconf 84' lang='grc' dir='ltr'>εἴκοσι</span> <span class='ocrx_word' id='word_1_188' title='bbox 368 2150 411 2231; x_wconf 77' lang='grc' dir='ltr'>τῷ</span> <span class='ocrx_word' id='word_1_189' title='bbox 429 2147 544 2229; x_wconf 89' lang='grc' dir='ltr'>βασιλεῖ</span> <span class='ocrx_word' id='word_1_190' title='bbox 564 2145 682 2228; x_wconf 84' lang='grc' dir='ltr'>φρουροὶ</span> <span class='ocrx_word' id='word_1_191' title='bbox 699 2143 912 2227; x_wconf 88' lang='grc' dir='ltr'>παραμένουσιν</span> <span class='ocrx_word' id='word_1_192' title='bbox 936 2145 1087 2226; x_wconf 82' lang='grc' dir='ltr'>ἐλέφαντες</span> <span class='ocrx_word' id='word_1_193' title='bbox 1110 2145 1143 2207; x_wconf 84' lang='grc' dir='ltr'>ἐκ</span> <span class='ocrx_word' id='word_1_194' title='bbox 1166 2147 1317 2228; x_wconf 78' lang='grc' dir='ltr'>διαδοχῆς,</span> <span class='ocrx_word' id='word_1_195' title='bbox 1338 2145 1437 2227; x_wconf 85' lang='grc' dir='ltr'>ὥσπερ</span> <span class='ocrx_word' id='word_1_196' title='bbox 1460 2141 1509 2206; x_wconf 86' lang='grc' dir='ltr'>οῦν</span> <span class='ocrx_word' id='word_1_197' title='bbox 1573 2149 1576 2155; x_wconf 82' lang='lat'>&#39;</span> 
     </span>
     <span class='ocr_line' id='line_1_19' title="bbox 256 2247 1507 2334; baseline -0.004 -23"><span class='ocrx_word' id='word_1_198' title='bbox 256 2252 283 2312; x_wconf 86' lang='grc' dir='ltr'>αί</span> <span class='ocrx_word' id='word_1_199' title='bbox 305 2249 433 2334; x_wconf 89' lang='grc' dir='ltr'>φύλακες</span> <span class='ocrx_word' id='word_1_200' title='bbox 455 2249 482 2310; x_wconf 85' lang='grc' dir='ltr'>οἱ</span> <span class='ocrx_word' id='word_1_201' title='bbox 505 2247 641 2330; x_wconf 86' lang='grc' dir='ltr'>λαμπροί,</span> <span class='ocrx_word' id='word_1_202' title='bbox 664 2247 712 2308; x_wconf 79' lang='grc' dir='ltr'>καὶ</span> <span class='ocrx_word' id='word_1_203' title='bbox 734 2247 832 2315; x_wconf 84' lang='grc' dir='ltr'>αὐτοῖς</span> <span class='ocrx_word' id='word_1_204' title='bbox 851 2248 994 2328; x_wconf 86' lang='grc' dir='ltr'>παίδευμα</span> <span class='ocrx_word' id='word_1_205' title='bbox 1010 2248 1061 2330; x_wconf 78' lang='grc' dir='ltr'>τὴν</span> <span class='ocrx_word' id='word_1_206' title='bbox 1077 2248 1204 2331; x_wconf 85' lang='grc' dir='ltr'>φρουρὰν</span> <span class='ocrx_word' id='word_1_207' title='bbox 1222 2247 1256 2310; x_wconf 85' lang='grc' dir='ltr'>οῦ</span> <span class='ocrx_word' id='word_1_208' title='bbox 1273 2247 1507 2317; x_wconf 72' lang='grc' dir='ltr'>κατανυστάζειν·</span> 
     </span>
     <span class='ocr_line' id='line_1_20' title="bbox 258 2345 1508 2434; baseline -0.002 -20"><span class='ocrx_word' id='word_1_209' title='bbox 258 2353 439 2415; x_wconf 85' lang='grc' dir='ltr'>διδάσκονται</span> <span class='ocrx_word' id='word_1_210' title='bbox 457 2349 511 2434; x_wconf 83' lang='grc' dir='ltr'>γὰρ</span> <span class='ocrx_word' id='word_1_211' title='bbox 531 2349 619 2433; x_wconf 75' lang='grc' dir='ltr'>σοφίη</span> <span class='ocrx_word' id='word_1_212' title='bbox 640 2350 691 2410; x_wconf 82' lang='grc' dir='ltr'>τινὶ</span> <span class='ocrx_word' id='word_1_213' title='bbox 711 2348 816 2432; x_wconf 70' lang='grc' dir='ltr'>Ἰνδικῇ</span> <span class='ocrx_word' id='word_1_214' title='bbox 838 2352 886 2412; x_wconf 84' lang='grc' dir='ltr'>καὶ</span> <span class='ocrx_word' id='word_1_215' title='bbox 909 2355 1003 2413; x_wconf 90' lang='grc' dir='ltr'>τοῦτο.</span> <span class='ocrx_word' id='word_1_216' title='bbox 1041 2351 1089 2413; x_wconf 83' lang='grc' dir='ltr'>καὶ</span> <span class='ocrx_word' id='word_1_217' title='bbox 1111 2349 1188 2433; x_wconf 87' lang='grc' dir='ltr'>λέγει</span> <span class='ocrx_word' id='word_1_218' title='bbox 1211 2351 1262 2432; x_wconf 85' lang='grc' dir='ltr'>μὲν</span> <span class='ocrx_word' id='word_1_219' title='bbox 1283 2350 1299 2411; x_wconf 85' lang='grc' dir='ltr'>ὁ</span> <span class='ocrx_word' id='word_1_220' title='bbox 1317 2345 1471 2417; x_wconf 76' lang='grc' dir='ltr'>Ἑκαταῖος</span> <span class='ocrx_word' id='word_1_221' title='bbox 1492 2350 1508 2411; x_wconf 88' lang='grc' dir='ltr'>ύ</span> 
     </span>
    </p>

    <p class='ocr_par' dir='ltr' id='par_1_6' title="bbox 211 2450 1508 2741">
     <span class='ocr_line' id='line_1_21' title="bbox 211 2450 1508 2539; baseline -0.002 -24"><span class='ocrx_word' id='word_1_222' title='bbox 211 2455 401 2539; x_wconf 76' lang='grc' dir='ltr'>νυλῙιλήσιυς</span> <span class='ocrx_word' id='word_1_223' title='bbox 419 2451 605 2536; x_wconf 71' lang='grc' dir='ltr'>Ἀμφιάρεων</span> <span class='ocrx_word' id='word_1_224' title='bbox 628 2453 676 2513; x_wconf 86' lang='grc' dir='ltr'>τὸν</span> <span class='ocrx_word' id='word_1_225' title='bbox 701 2450 840 2520; x_wconf 78' lang='grc' dir='ltr'>Οἰκλέους</span> <span class='ocrx_word' id='word_1_226' title='bbox 868 2454 1072 2535; x_wconf 89' lang='grc' dir='ltr'>κατακοιμίσαι</span> <span class='ocrx_word' id='word_1_227' title='bbox 1096 2454 1147 2536; x_wconf 77' lang='grc' dir='ltr'>τὴν</span> <span class='ocrx_word' id='word_1_228' title='bbox 1174 2452 1308 2537; x_wconf 80' lang='grc' dir='ltr'>φυλακὴν</span> <span class='ocrx_word' id='word_1_229' title='bbox 1336 2452 1384 2513; x_wconf 79' lang='grc' dir='ltr'>καὶ</span> <span class='ocrx_word' id='word_1_230' title='bbox 1411 2451 1508 2534; x_wconf 82' lang='grc' dir='ltr'>ὀλίγου</span> 
     </span>
     <span class='ocr_line' id='line_1_22' title="bbox 255 2552 1508 2640; baseline -0.004 -20"><span class='ocrx_word' id='word_1_231' title='bbox 255 2558 358 2620; x_wconf 86' lang='grc' dir='ltr'>παθεῖν</span> <span class='ocrx_word' id='word_1_232' title='bbox 381 2556 436 2620; x_wconf 80' lang='grc' dir='ltr'>ὅσα</span> <span class='ocrx_word' id='word_1_233' title='bbox 458 2555 544 2636; x_wconf 81' lang='grc' dir='ltr'>λέγει.</span> <span class='ocrx_word' id='word_1_234' title='bbox 587 2554 666 2617; x_wconf 87' lang='grc' dir='ltr'>οῦτοι</span> <span class='ocrx_word' id='word_1_235' title='bbox 689 2556 722 2617; x_wconf 84' lang='grc' dir='ltr'>δέ</span> <span class='ocrx_word' id='word_1_236' title='bbox 744 2555 800 2638; x_wconf 87' lang='grc' dir='ltr'>ἀρα</span> <span class='ocrx_word' id='word_1_237' title='bbox 821 2554 958 2637; x_wconf 84' lang='grc' dir='ltr'>ἄγρυπνοι</span> <span class='ocrx_word' id='word_1_238' title='bbox 980 2557 1027 2618; x_wconf 82' lang='grc' dir='ltr'>καὶ</span> <span class='ocrx_word' id='word_1_239' title='bbox 1050 2556 1130 2640; x_wconf 85' lang='grc' dir='ltr'>ῦπνιμ</span> <span class='ocrx_word' id='word_1_240' title='bbox 1155 2556 1196 2638; x_wconf 84' lang='grc' dir='ltr'>μὴ</span> <span class='ocrx_word' id='word_1_241' title='bbox 1220 2556 1390 2637; x_wconf 73' lang='grc' dir='ltr'>ἡττώμενοι,</span> <span class='ocrx_word' id='word_1_242' title='bbox 1413 2552 1508 2616; x_wconf 87' lang='grc' dir='ltr'>πιστύ-</span> 
     </span>
     <span class='ocr_line' id='line_1_23' title="bbox 255 2658 1197 2741; baseline -0.003 -19"><span class='ocrx_word' id='word_1_243' title='bbox 255 2683 336 2722; x_wconf 88' lang='grc' dir='ltr'>τατοι</span> <span class='ocrx_word' id='word_1_244' title='bbox 358 2665 416 2722; x_wconf 88' lang='grc' dir='ltr'>τῶν</span> <span class='ocrx_word' id='word_1_245' title='bbox 439 2659 502 2721; x_wconf 84' lang='grc' dir='ltr'>ἐκεῖ</span> <span class='ocrx_word' id='word_1_246' title='bbox 522 2659 661 2741; x_wconf 84' lang='grc' dir='ltr'>φυλάκων</span> <span class='ocrx_word' id='word_1_247' title='bbox 685 2661 757 2740; x_wconf 91' lang='grc' dir='ltr'>μετά</span> <span class='ocrx_word' id='word_1_248' title='bbox 779 2681 810 2740; x_wconf 87' lang='grc' dir='ltr'>γε</span> <span class='ocrx_word' id='word_1_249' title='bbox 833 2659 899 2726; x_wconf 87' lang='grc' dir='ltr'>τοὺς</span> <span class='ocrx_word' id='word_1_250' title='bbox 921 2658 1094 2741; x_wconf 85' lang='grc' dir='ltr'>ἀνθρώπους</span> <span class='ocrx_word' id='word_1_251' title='bbox 1116 2658 1197 2720; x_wconf 82' lang='grc' dir='ltr'>εἰσίν.</span> 
     </span>
    </p>

    <p class='ocr_par' dir='ltr' id='par_1_7' title="bbox 255 2757 1508 2948">
     <span class='ocr_line' id='line_1_24' title="bbox 341 2757 1508 2844; baseline -0.005 -18"><span class='ocrx_word' id='word_1_252' title='bbox 341 2762 435 2844; x_wconf 86' lang='grc'>(129)</span> <span class='ocrx_word' id='word_1_253' title='bbox 464 2758 590 2844; x_wconf 80' lang='grc' dir='ltr'>Ἐλέφας</span> <span class='ocrx_word' id='word_1_254' title='bbox 614 2762 629 2823; x_wconf 88' lang='grc' dir='ltr'>ύ</span> <span class='ocrx_word' id='word_1_255' title='bbox 653 2761 757 2844; x_wconf 73' lang='grc' dir='ltr'>θῆλυς·</span> <span class='ocrx_word' id='word_1_256' title='bbox 787 2764 942 2844; x_wconf 88' lang='grc' dir='ltr'>τιμιώτερα</span> <span class='ocrx_word' id='word_1_257' title='bbox 964 2760 1037 2823; x_wconf 79' lang='grc' dir='ltr'>εἶναι</span> <span class='ocrx_word' id='word_1_258' title='bbox 1059 2762 1094 2824; x_wconf 83' lang='grc' dir='ltr'>τὰ</span> <span class='ocrx_word' id='word_1_259' title='bbox 1117 2760 1219 2823; x_wconf 88' lang='grc' dir='ltr'>τούτου</span> <span class='ocrx_word' id='word_1_260' title='bbox 1243 2757 1350 2843; x_wconf 85' lang='grc' dir='ltr'>κέρατα</span> <span class='ocrx_word' id='word_1_261' title='bbox 1373 2759 1400 2820; x_wconf 83' lang='grc' dir='ltr'>αἱ</span> <span class='ocrx_word' id='word_1_262' title='bbox 1422 2760 1508 2844; x_wconf 82' lang='grc' dir='ltr'>σοφοὶ</span> 
     </span>
     <span class='ocr_line' id='line_1_25' title="bbox 255 2860 1506 2948; baseline -0.005 -20"><span class='ocrx_word' id='word_1_263' title='bbox 255 2870 346 2928; x_wconf 84' lang='grc' dir='ltr'>ταῦτα</span> <span class='ocrx_word' id='word_1_264' title='bbox 369 2866 505 2948; x_wconf 91' lang='grc' dir='ltr'>ῦμνοῦσι,</span> <span class='ocrx_word' id='word_1_265' title='bbox 528 2863 575 2926; x_wconf 83' lang='grc' dir='ltr'>καὶ</span> <span class='ocrx_word' id='word_1_266' title='bbox 599 2863 695 2926; x_wconf 86' lang='grc' dir='ltr'>ἐκεῖνά</span> <span class='ocrx_word' id='word_1_267' title='bbox 717 2886 749 2944; x_wconf 89' lang='grc' dir='ltr'>γε</span> <span class='ocrx_word' id='word_1_268' title='bbox 772 2865 850 2947; x_wconf 71' lang='grc' dir='ltr'>ἡμᾶς</span> <span class='ocrx_word' id='word_1_269' title='bbox 873 2865 1063 2926; x_wconf 86' lang='grc' dir='ltr'>διδάσκουσιν.</span> <span class='ocrx_word' id='word_1_270' title='bbox 1108 2863 1138 2925; x_wconf 94' lang='grc' dir='ltr'>ἐν</span> <span class='ocrx_word' id='word_1_271' title='bbox 1161 2869 1198 2945; x_wconf 76' lang='grc' dir='ltr'>τῇ</span> <span class='ocrx_word' id='word_1_272' title='bbox 1223 2860 1396 2946; x_wconf 76' lang='grc' dir='ltr'>Μαυρουσίᾳ</span> <span class='ocrx_word' id='word_1_273' title='bbox 1417 2865 1456 2944; x_wconf 72' lang='grc' dir='ltr'>γῇ</span> <span class='ocrx_word' id='word_1_274' title='bbox 1479 2862 1506 2922; x_wconf 80' lang='grc' dir='ltr'>οἱ</span> 
     </span>
    </p>

    <p class='ocr_par' dir='ltr' id='par_1_8' title="bbox 212 2963 1508 3151">
     <span class='ocr_line' id='line_1_26' title="bbox 212 2963 1505 3052; baseline -0.003 -22"><span class='ocrx_word' id='word_1_275' title='bbox 212 2985 241 3029; x_wconf 76' lang='lat'>25</span> <span class='ocrx_word' id='word_1_276' title='bbox 255 2969 419 3052; x_wconf 88' lang='grc' dir='ltr'>ἐλέφαντες,</span> <span class='ocrx_word' id='word_1_277' title='bbox 442 2967 555 3050; x_wconf 80' lang='grc' dir='ltr'>δεκάτῳ</span> <span class='ocrx_word' id='word_1_278' title='bbox 578 2963 636 3028; x_wconf 86' lang='grc' dir='ltr'>ἔτει</span> <span class='ocrx_word' id='word_1_279' title='bbox 659 2967 773 3033; x_wconf 87' lang='grc' dir='ltr'>πάντως</span> <span class='ocrx_word' id='word_1_280' title='bbox 795 2965 893 3034; x_wconf 84' lang='grc' dir='ltr'>αὐτοῖς</span> <span class='ocrx_word' id='word_1_281' title='bbox 915 2965 949 3028; x_wconf 81' lang='grc' dir='ltr'>τὰ</span> <span class='ocrx_word' id='word_1_282' title='bbox 973 2967 1079 3048; x_wconf 87' lang='grc' dir='ltr'>κέρατα</span> <span class='ocrx_word' id='word_1_283' title='bbox 1102 2967 1234 3029; x_wconf 82' lang='grc' dir='ltr'>ἐκπεσεῖν</span> <span class='ocrx_word' id='word_1_284' title='bbox 1257 2966 1383 3034; x_wconf 80' lang='grc' dir='ltr'>σπεύδει,</span> <span class='ocrx_word' id='word_1_285' title='bbox 1407 2965 1505 3047; x_wconf 85' lang='grc' dir='ltr'>ὥσπερ</span> 
     </span>
     <span class='ocr_line' id='line_1_27' title="bbox 253 3065 1508 3151; baseline -0.006 -17"><span class='ocrx_word' id='word_1_286' title='bbox 253 3071 304 3134; x_wconf 89' lang='grc' dir='ltr'>οῦν</span> <span class='ocrx_word' id='word_1_287' title='bbox 332 3071 379 3133; x_wconf 85' lang='grc' dir='ltr'>καὶ</span> <span class='ocrx_word' id='word_1_288' title='bbox 405 3074 463 3131; x_wconf 90' lang='grc' dir='ltr'>τῶν</span> <span class='ocrx_word' id='word_1_289' title='bbox 491 3068 622 3151; x_wconf 87' lang='grc' dir='ltr'>ἐλάφων,</span> <span class='ocrx_word' id='word_1_290' title='bbox 649 3067 725 3130; x_wconf 82' lang='grc' dir='ltr'>ἀλλὰ</span> <span class='ocrx_word' id='word_1_291' title='bbox 752 3068 860 3130; x_wconf 90' lang='grc' dir='ltr'>τούτων</span> <span class='ocrx_word' id='word_1_292' title='bbox 890 3069 944 3131; x_wconf 78' lang='grc' dir='ltr'>οἱνδ</span> <span class='ocrx_word' id='word_1_293' title='bbox 972 3073 1028 3131; x_wconf 88' lang='grc' dir='ltr'>πᾶν</span> <span class='ocrx_word' id='word_1_294' title='bbox 1057 3067 1129 3137; x_wconf 85' lang='grc' dir='ltr'>ἔτος.</span> <span class='ocrx_word' id='word_1_295' title='bbox 1179 3069 1206 3130; x_wconf 85' lang='grc' dir='ltr'>οῖ</span> <span class='ocrx_word' id='word_1_296' title='bbox 1235 3067 1325 3129; x_wconf 90' lang='grc' dir='ltr'>τοίνυν</span> <span class='ocrx_word' id='word_1_297' title='bbox 1355 3065 1508 3150; x_wconf 88' lang='grc' dir='ltr'>ἐλέφαντες</span> 
     </span>
    </p>

    <p class='ocr_par' dir='ltr' id='par_1_9' title="bbox 155 3169 1507 3256">
     <span class='ocr_line' id='line_1_28' title="bbox 155 3169 1507 3256; baseline -0.005 -19"><span class='ocrx_word' id='word_1_298' title='bbox 155 3234 160 3247; x_wconf 81' lang='grc'>,</span> <span class='ocrx_word' id='word_1_299' title='bbox 253 3173 316 3236; x_wconf 79' lang='grc' dir='ltr'>οἵδε</span> <span class='ocrx_word' id='word_1_300' title='bbox 337 3177 391 3255; x_wconf 82' lang='grc' dir='ltr'>γῆν</span> <span class='ocrx_word' id='word_1_301' title='bbox 413 3172 535 3233; x_wconf 88' lang='grc' dir='ltr'>πεδιάδα</span> <span class='ocrx_word' id='word_1_302' title='bbox 561 3171 609 3233; x_wconf 83' lang='grc' dir='ltr'>καὶ</span> <span class='ocrx_word' id='word_1_303' title='bbox 636 3169 769 3254; x_wconf 83' lang='grc' dir='ltr'>ἕνδροσον</span> <span class='ocrx_word' id='word_1_304' title='bbox 798 3175 998 3255; x_wconf 81' lang='grc' dir='ltr'>προαιροῦνται</span> <span class='ocrx_word' id='word_1_305' title='bbox 1025 3177 1077 3254; x_wconf 76' lang='grc' dir='ltr'>τῆς</span> <span class='ocrx_word' id='word_1_306' title='bbox 1103 3171 1209 3256; x_wconf 83' lang='grc' dir='ltr'>ἄλλης,</span> <span class='ocrx_word' id='word_1_307' title='bbox 1237 3173 1285 3234; x_wconf 82' lang='grc' dir='ltr'>καὶ</span> <span class='ocrx_word' id='word_1_308' title='bbox 1313 3169 1507 3254; x_wconf 83' lang='grc' dir='ltr'>ἐπερειδουσιν</span> 
     </span>
    </p>
   </div>
   <div class='ocr_carea' id='block_1_3' title="bbox 196 3441 1559 3602">
    <p class='ocr_par' dir='ltr' id='par_1_10' title="bbox 196 3441 1559 3602">
     <span class='ocr_line' id='line_1_29' title="bbox 199 3441 1559 3513; baseline -0.007 -11"><span class='ocrx_word' id='word_1_309' title='bbox 199 3448 234 3502; x_wconf 90' lang='grc'>10</span> <span class='ocrx_word' id='word_1_310' title='bbox 257 3447 300 3499; x_wconf 84' lang='grc' dir='ltr'>τὸν</span> <span class='ocrx_word' id='word_1_311' title='bbox 317 3443 410 3513; x_wconf 77' lang='grc' dir='ltr'>Ἰνδῶν]</span> <span class='ocrx_word' id='word_1_312' title='bbox 430 3444 486 3497; x_wconf 81' lang='grc' dir='ltr'>Αα1.</span> <span class='ocrx_word' id='word_1_313' title='bbox 499 3448 553 3496; x_wconf 83' lang='lat' dir='ltr'><strong>nat.</strong></span> <span class='ocrx_word' id='word_1_314' title='bbox 566 3443 647 3495; x_wconf 80' lang='lat' dir='ltr'><strong>anim.</strong></span> <span class='ocrx_word' id='word_1_315' title='bbox 659 3443 722 3495; x_wconf 89' lang='lat' dir='ltr'>Xlll</span> <span class='ocrx_word' id='word_1_316' title='bbox 737 3441 770 3493; x_wconf 92' lang='grc'>22</span> <span class='ocrx_word' id='word_1_317' title='bbox 789 3445 825 3510; x_wconf 88' lang='grc' dir='ltr'>(μ.</span> <span class='ocrx_word' id='word_1_318' title='bbox 839 3442 1017 3508; x_wconf 88' lang='grc'><strong>335,11-29</strong></span> <span class='ocrx_word' id='word_1_319' title='bbox 1037 3445 1141 3507; x_wconf 76' lang='lat' dir='ltr'>Horeb.)</span> <span class='ocrx_word' id='word_1_320' title='bbox 1256 3443 1290 3496; x_wconf 79' lang='lat'>23</span> <span class='ocrx_word' id='word_1_321' title='bbox 1314 3442 1415 3510; x_wconf 79' lang='grc' dir='ltr'>ἐλέφας]</span> <span class='ocrx_word' id='word_1_322' title='bbox 1434 3441 1490 3493; x_wconf 79' lang='grc' dir='ltr'>λελ</span> <span class='ocrx_word' id='word_1_323' title='bbox 1508 3441 1525 3492; x_wconf 95' lang='grc'>1.</span> <span class='ocrx_word' id='word_1_324' title='bbox 1537 3457 1559 3494; x_wconf 84' lang='grc' dir='ltr'>ε.</span> 
     </span>
     <span class='ocr_line' id='line_1_30' title="bbox 196 3529 694 3602; baseline -0.016 -12"><span class='ocrx_word' id='word_1_325' title='bbox 196 3536 262 3590; x_wconf 76' lang='lat' dir='ltr'>xlv</span> <span class='ocrx_word' id='word_1_326' title='bbox 276 3534 292 3588; x_wconf 85' lang='lat'>5</span> <span class='ocrx_word' id='word_1_327' title='bbox 311 3537 348 3602; x_wconf 87' lang='lat' dir='ltr'>(p.</span> <span class='ocrx_word' id='word_1_328' title='bbox 361 3530 571 3598; x_wconf 85' lang='grc'>341,6-342,9</span> <span class='ocrx_word' id='word_1_329' title='bbox 590 3529 694 3594; x_wconf 82' lang='lat' dir='ltr'><strong>Herch.)</strong></span> 
     </span>
    </p>
   </div>
   <div class='ocr_carea' id='block_1_4' title="bbox 196 3770 1639 4986">
    <p class='ocr_par' dir='ltr' id='par_1_11' title="bbox 197 3770 1639 4278">
     <span class='ocr_line' id='line_1_31' title="bbox 200 3770 1559 3848; baseline -0.007 -16"><span class='ocrx_word' id='word_1_330' title='bbox 200 3776 428 3848; x_wconf 79' lang='grc' dir='ltr'>λάβροτίρουςθ</span> <span class='ocrx_word' id='word_1_331' title='bbox 529 3773 908 3845; x_wconf 73' lang='grc' dir='ltr'>3τροφῖγνΑσ1.ιτραφδνΙ)</span> <span class='ocrx_word' id='word_1_332' title='bbox 1011 3773 1074 3825; x_wconf 85' lang='grc' dir='ltr'>σίλ)</span> <span class='ocrx_word' id='word_1_333' title='bbox 1177 3772 1369 3824; x_wconf 69' lang='grc' dir='ltr'>ιἐκαταιτάττει</span> <span class='ocrx_word' id='word_1_334' title='bbox 1387 3770 1457 3823; x_wconf 62' lang='lat' dir='ltr'>Aah:</span> <span class='ocrx_word' id='word_1_335' title='bbox 1482 3789 1559 3823; x_wconf 89' lang='grc' dir='ltr'>κατα·</span> 
     </span>
     <span class='ocr_line' id='line_1_32' title="bbox 197 3857 1559 3930; baseline -0.007 -11"><span class='ocrx_word' id='word_1_336' title='bbox 197 3867 301 3919; x_wconf 80' lang='grc' dir='ltr'>πλάττει</span> <span class='ocrx_word' id='word_1_337' title='bbox 319 3866 340 3916; x_wconf 91' lang='lat' dir='ltr'><strong>D</strong></span> <span class='ocrx_word' id='word_1_338' title='bbox 454 3862 648 3915; x_wconf 85' lang='grc' dir='ltr'>5ἐπιναιιῖιν1)</span> <span class='ocrx_word' id='word_1_339' title='bbox 760 3861 903 3930; x_wconf 71' lang='grc' dir='ltr'>Ἱπηχεων</span> <span class='ocrx_word' id='word_1_340' title='bbox 922 3862 1033 3913; x_wconf 77' lang='grc' dir='ltr'>Πειελετ</span> <span class='ocrx_word' id='word_1_341' title='bbox 1143 3859 1291 3930; x_wconf 85' lang='grc' dir='ltr'>8εῦρος1)</span> <span class='ocrx_word' id='word_1_342' title='bbox 1405 3857 1484 3911; x_wconf 83' lang='grc' dir='ltr'>ἐκεῖθι</span> <span class='ocrx_word' id='word_1_343' title='bbox 1503 3859 1559 3912; x_wconf 83' lang='grc' dir='ltr'>Αελ</span> 
     </span>
     <span class='ocr_line' id='line_1_33' title="bbox 197 3944 1639 4024; baseline -0.006 -16"><span class='ocrx_word' id='word_1_344' title='bbox 197 3955 341 4024; x_wconf 84' lang='grc' dir='ltr'>9πρα1σιοι</span> <span class='ocrx_word' id='word_1_345' title='bbox 359 3953 381 4004; x_wconf 95' lang='lat' dir='ltr'><strong>D</strong></span> <span class='ocrx_word' id='word_1_346' title='bbox 399 3950 467 4004; x_wconf 77' lang='lat' dir='ltr'><strong>Ael.:</strong></span> <span class='ocrx_word' id='word_1_347' title='bbox 488 3948 591 4019; x_wconf 87' lang='grc' dir='ltr'>Πράσιοι</span> <span class='ocrx_word' id='word_1_348' title='bbox 608 3950 720 4002; x_wconf 83' lang='lat' dir='ltr'>Hercher</span> <span class='ocrx_word' id='word_1_349' title='bbox 826 3949 851 4000; x_wconf 88' lang='grc' dir='ltr'>δέ</span> <span class='ocrx_word' id='word_1_350' title='bbox 871 3948 900 4001; x_wconf 86' lang='grc' dir='ltr'>ἂν</span> <span class='ocrx_word' id='word_1_351' title='bbox 918 3949 1002 4001; x_wconf 83' lang='grc' dir='ltr'>αὐτῶν</span> <span class='ocrx_word' id='word_1_352' title='bbox 1020 3951 1147 4002; x_wconf 89' lang='grc' dir='ltr'>τάττοιντυ</span> <span class='ocrx_word' id='word_1_353' title='bbox 1164 3948 1270 4014; x_wconf 84' lang='lat' dir='ltr'><strong>scripsi:</strong></span> <span class='ocrx_word' id='word_1_354' title='bbox 1289 3946 1315 3998; x_wconf 87' lang='grc' dir='ltr'>δέ</span> <span class='ocrx_word' id='word_1_355' title='bbox 1334 3944 1383 3998; x_wconf 85' lang='grc' dir='ltr'>ἀντΙ</span> <span class='ocrx_word' id='word_1_356' title='bbox 1400 3945 1484 3998; x_wconf 72' lang='grc' dir='ltr'>αὐτῶν</span> <span class='ocrx_word' id='word_1_357' title='bbox 1502 3949 1559 3999; x_wconf 86' lang='grc' dir='ltr'>τάτ-</span> <span class='ocrx_word' id='word_1_358' title='bbox 1636 3957 1639 3961; x_wconf 82' lang='grc'><em>’</em></span> 
     </span>
     <span class='ocr_line' id='line_1_34' title="bbox 197 4034 1559 4104; baseline -0.007 -8"><span class='ocrx_word' id='word_1_359' title='bbox 197 4061 267 4096; x_wconf 88' lang='grc' dir='ltr'>τυιτο</span> <span class='ocrx_word' id='word_1_360' title='bbox 285 4043 320 4094; x_wconf 89' lang='lat' dir='ltr'>D:</span> <span class='ocrx_word' id='word_1_361' title='bbox 345 4039 365 4091; x_wconf 84' lang='grc' dir='ltr'>δ’</span> <span class='ocrx_word' id='word_1_362' title='bbox 381 4038 410 4091; x_wconf 85' lang='grc' dir='ltr'>ἂν</span> <span class='ocrx_word' id='word_1_363' title='bbox 428 4040 555 4090; x_wconf 81' lang='grc' dir='ltr'>τάττοιντυ</span> <span class='ocrx_word' id='word_1_364' title='bbox 573 4037 651 4089; x_wconf 86' lang='grc' dir='ltr'>τῶνδε</span> <span class='ocrx_word' id='word_1_365' title='bbox 670 4037 741 4089; x_wconf 59' lang='lat' dir='ltr'>Aah:</span> <span class='ocrx_word' id='word_1_366' title='bbox 768 4036 786 4088; x_wconf 88' lang='grc' dir='ltr'>δ’</span> <span class='ocrx_word' id='word_1_367' title='bbox 803 4036 832 4088; x_wconf 82' lang='grc' dir='ltr'>ἂν</span> <span class='ocrx_word' id='word_1_368' title='bbox 851 4037 928 4090; x_wconf 87' lang='grc' dir='ltr'>τῶνδε</span> <span class='ocrx_word' id='word_1_369' title='bbox 946 4041 1074 4089; x_wconf 85' lang='grc' dir='ltr'>τάττοιντυ</span> <span class='ocrx_word' id='word_1_370' title='bbox 1094 4037 1205 4088; x_wconf 77' lang='grc' dir='ltr'>Πετελετ</span> <span class='ocrx_word' id='word_1_371' title='bbox 1326 4034 1353 4085; x_wconf 95' lang='grc'>11</span> <span class='ocrx_word' id='word_1_372' title='bbox 1380 4035 1513 4104; x_wconf 83' lang='grc' dir='ltr'>μνημύνως</span> <span class='ocrx_word' id='word_1_373' title='bbox 1532 4054 1559 4087; x_wconf 90' lang='grc' dir='ltr'>τε</span> 
     </span>
     <span class='ocr_line' id='line_1_35' title="bbox 197 4121 1558 4196; baseline -0.005 -14"><span class='ocrx_word' id='word_1_374' title='bbox 197 4132 242 4182; x_wconf 82' lang='grc' dir='ltr'>καὶ</span> <span class='ocrx_word' id='word_1_375' title='bbox 261 4126 384 4184; x_wconf 73' lang='grc' dir='ltr'>εὐπειθῶς</span> <span class='ocrx_word' id='word_1_376' title='bbox 403 4127 469 4196; x_wconf 87' lang='grc' dir='ltr'>δρῶν</span> <span class='ocrx_word' id='word_1_377' title='bbox 488 4126 561 4177; x_wconf 81' lang='lat' dir='ltr'><strong>malit</strong></span> <span class='ocrx_word' id='word_1_378' title='bbox 579 4126 693 4177; x_wconf 79' lang='lat' dir='ltr'>Hercher</span> <span class='ocrx_word' id='word_1_379' title='bbox 826 4125 856 4176; x_wconf 90' lang='grc'>12</span> <span class='ocrx_word' id='word_1_380' title='bbox 880 4123 954 4196; x_wconf 83' lang='grc' dir='ltr'>ὅσπερ</span> <span class='ocrx_word' id='word_1_381' title='bbox 974 4125 1042 4176; x_wconf 76' lang='grc' dir='ltr'>λολε</span> <span class='ocrx_word' id='word_1_382' title='bbox 1066 4124 1190 4193; x_wconf 82' lang='grc' dir='ltr'>ώσπερθ</span> <span class='ocrx_word' id='word_1_383' title='bbox 1321 4121 1351 4173; x_wconf 79' lang='grc'>14</span> <span class='ocrx_word' id='word_1_384' title='bbox 1377 4122 1469 4174; x_wconf 79' lang='grc' dir='ltr'>ἐπαΐειν</span> <span class='ocrx_word' id='word_1_385' title='bbox 1488 4124 1558 4175; x_wconf 79' lang='grc' dir='ltr'>Αελι</span> 
     </span>
     <span class='ocr_line' id='line_1_36' title="bbox 197 4208 1506 4278; baseline -0.007 -8"><span class='ocrx_word' id='word_1_386' title='bbox 197 4218 277 4270; x_wconf 83' lang='grc' dir='ltr'>ἐπαΐει</span> <span class='ocrx_word' id='word_1_387' title='bbox 294 4217 316 4268; x_wconf 94' lang='lat' dir='ltr'><strong>D</strong></span> <span class='ocrx_word' id='word_1_388' title='bbox 427 4214 458 4267; x_wconf 85' lang='grc'>15</span> <span class='ocrx_word' id='word_1_389' title='bbox 481 4211 569 4265; x_wconf 81' lang='grc' dir='ltr'>τούτου</span> <span class='ocrx_word' id='word_1_390' title='bbox 587 4217 631 4264; x_wconf 85' lang='grc' dir='ltr'>τοῦ</span> <span class='ocrx_word' id='word_1_391' title='bbox 650 4211 717 4273; x_wconf 70' lang='grc' dir='ltr'>ζώου</span> <span class='ocrx_word' id='word_1_392' title='bbox 736 4229 768 4264; x_wconf 83' lang='lat' dir='ltr'>ex</span> <span class='ocrx_word' id='word_1_393' title='bbox 787 4217 861 4264; x_wconf 82' lang='grc' dir='ltr'>τοῦτο</span> <span class='ocrx_word' id='word_1_394' title='bbox 879 4211 908 4265; x_wconf 90' lang='grc' dir='ltr'>τὸ</span> <span class='ocrx_word' id='word_1_395' title='bbox 927 4213 992 4272; x_wconf 71' lang='grc' dir='ltr'>ζῶον</span> <span class='ocrx_word' id='word_1_396' title='bbox 1010 4215 1122 4265; x_wconf 79' lang='lat' dir='ltr'>correxit</span> <span class='ocrx_word' id='word_1_397' title='bbox 1139 4212 1186 4263; x_wconf 91' lang='lat' dir='ltr'>D¹:</span> <span class='ocrx_word' id='word_1_398' title='bbox 1210 4216 1255 4263; x_wconf 80' lang='grc' dir='ltr'>τοῦ</span> <span class='ocrx_word' id='word_1_399' title='bbox 1275 4209 1341 4278; x_wconf 72' lang='grc' dir='ltr'>ζῴου</span> <span class='ocrx_word' id='word_1_400' title='bbox 1359 4208 1430 4262; x_wconf 78' lang='grc' dir='ltr'>τοῦδε</span> <span class='ocrx_word' id='word_1_401' title='bbox 1450 4209 1506 4263; x_wconf 86' lang='grc' dir='ltr'>Αε1.</span> 
     </span>
    </p>

    <p class='ocr_par' dir='ltr' id='par_1_12' title="bbox 196 4295 1559 4721">
     <span class='ocr_line' id='line_1_37' title="bbox 197 4295 1559 4374; baseline -0.006 -18"><span class='ocrx_word' id='word_1_402' title='bbox 197 4323 225 4374; x_wconf 82' lang='grc' dir='ltr'>γε</span> <span class='ocrx_word' id='word_1_403' title='bbox 240 4303 336 4356; x_wconf 77' lang='lat' dir='ltr'>delevit</span> <span class='ocrx_word' id='word_1_404' title='bbox 351 4303 462 4355; x_wconf 79' lang='lat' dir='ltr'>Hereher</span> <span class='ocrx_word' id='word_1_405' title='bbox 553 4300 583 4352; x_wconf 86' lang='grc'>16</span> <span class='ocrx_word' id='word_1_406' title='bbox 600 4300 839 4369; x_wconf 82' lang='grc' dir='ltr'>τέτταρεςΗυιαλατ</span> <span class='ocrx_word' id='word_1_407' title='bbox 931 4297 1313 4368; x_wconf 77' lang='grc' dir='ltr'>17φρουροὶλε1.τφοβερο111</span> <span class='ocrx_word' id='word_1_408' title='bbox 1402 4297 1433 4348; x_wconf 87' lang='grc'>18</span> <span class='ocrx_word' id='word_1_409' title='bbox 1450 4295 1559 4365; x_wconf 81' lang='grc' dir='ltr'>φύλακες</span> 
     </span>
     <span class='ocr_line' id='line_1_38' title="bbox 198 4384 1558 4461; baseline -0.004 -18"><span class='ocrx_word' id='word_1_410' title='bbox 198 4409 230 4459; x_wconf 75' lang='grc' dir='ltr'>ετ</span> <span class='ocrx_word' id='word_1_411' title='bbox 250 4390 354 4461; x_wconf 78' lang='grc' dir='ltr'>φίλακες</span> <span class='ocrx_word' id='word_1_412' title='bbox 372 4391 484 4442; x_wconf 78' lang='lat' dir='ltr'><strong>correxit</strong></span> <span class='ocrx_word' id='word_1_413' title='bbox 499 4390 533 4441; x_wconf 86' lang='lat' dir='ltr'>D¹</span> <span class='ocrx_word' id='word_1_414' title='bbox 633 4387 741 4458; x_wconf 82' lang='grc' dir='ltr'>λαμπροὶ</span> <span class='ocrx_word' id='word_1_415' title='bbox 758 4389 793 4440; x_wconf 89' lang='lat' dir='ltr'>D:</span> <span class='ocrx_word' id='word_1_416' title='bbox 812 4386 892 4440; x_wconf 85' lang='grc' dir='ltr'>λοιποὶ</span> <span class='ocrx_word' id='word_1_417' title='bbox 911 4388 965 4440; x_wconf 85' lang='grc' dir='ltr'>Αελ</span> <span class='ocrx_word' id='word_1_418' title='bbox 1065 4386 1094 4438; x_wconf 84' lang='grc' dir='ltr'>ού</span> <span class='ocrx_word' id='word_1_419' title='bbox 1113 4387 1302 4446; x_wconf 74' lang='grc' dir='ltr'>κατανυστάζειν</span> <span class='ocrx_word' id='word_1_420' title='bbox 1319 4385 1424 4452; x_wconf 79' lang='lat' dir='ltr'>scripsi:</span> <span class='ocrx_word' id='word_1_421' title='bbox 1445 4384 1474 4437; x_wconf 84' lang='grc' dir='ltr'>οῦ</span> <span class='ocrx_word' id='word_1_422' title='bbox 1492 4386 1558 4437; x_wconf 74' lang='grc' dir='ltr'>κατὰ</span> 
     </span>
     <span class='ocr_line' id='line_1_39' title="bbox 196 4461 1558 4541; baseline -0.005 -9"><span class='ocrx_word' id='word_1_423' title='bbox 196 4478 310 4539; x_wconf 77' lang='grc' dir='ltr'>νύσταξιν</span> <span class='ocrx_word' id='word_1_424' title='bbox 328 4479 363 4530; x_wconf 90' lang='lat' dir='ltr'>D:</span> <span class='ocrx_word' id='word_1_425' title='bbox 389 4476 417 4529; x_wconf 87' lang='grc' dir='ltr'>οῦ</span> <span class='ocrx_word' id='word_1_426' title='bbox 439 4477 647 4536; x_wconf 72' lang='grc' dir='ltr'>κατανυστάζσυσι</span> <span class='ocrx_word' id='word_1_427' title='bbox 668 4461 881 4539; x_wconf 76' lang='grc' dir='ltr'>(κατανθστάξασι.</span> <span class='ocrx_word' id='word_1_428' title='bbox 909 4473 1099 4538; x_wconf 80' lang='grc' dir='ltr'>κατανυστάξαι)</span> <span class='ocrx_word' id='word_1_429' title='bbox 1119 4473 1188 4525; x_wconf 75' lang='grc' dir='ltr'>λελε</span> <span class='ocrx_word' id='word_1_430' title='bbox 1213 4473 1278 4541; x_wconf 87' lang='grc' dir='ltr'>ἐχειν</span> <span class='ocrx_word' id='word_1_431' title='bbox 1297 4472 1326 4524; x_wconf 86' lang='grc' dir='ltr'>οῦ</span> <span class='ocrx_word' id='word_1_432' title='bbox 1348 4473 1558 4532; x_wconf 72' lang='grc' dir='ltr'>κατανυστάζουσι</span> 
     </span>
     <span class='ocr_line' id='line_1_40' title="bbox 198 4557 1558 4634; baseline -0.007 -13"><span class='ocrx_word' id='word_1_433' title='bbox 198 4568 312 4621; x_wconf 80' lang='lat' dir='ltr'>Hereher</span> <span class='ocrx_word' id='word_1_434' title='bbox 436 4564 465 4616; x_wconf 88' lang='lat'>19</span> <span class='ocrx_word' id='word_1_435' title='bbox 487 4564 534 4634; x_wconf 82' lang='grc' dir='ltr'>γὰρ</span> <span class='ocrx_word' id='word_1_436' title='bbox 552 4565 588 4615; x_wconf 90' lang='lat' dir='ltr'>D:</span> <span class='ocrx_word' id='word_1_437' title='bbox 612 4564 715 4634; x_wconf 79' lang='grc' dir='ltr'>γάρτοι</span> <span class='ocrx_word' id='word_1_438' title='bbox 734 4563 790 4615; x_wconf 83' lang='grc' dir='ltr'>Αυλ.</span> <span class='ocrx_word' id='word_1_439' title='bbox 908 4562 1055 4619; x_wconf 82' lang='grc' dir='ltr'>ύέκαταῖας</span> <span class='ocrx_word' id='word_1_440' title='bbox 1076 4562 1108 4613; x_wconf 92' lang='lat' dir='ltr'>D:</span> <span class='ocrx_word' id='word_1_441' title='bbox 1131 4557 1263 4618; x_wconf 81' lang='grc' dir='ltr'>Ἑκαταῖος</span> <span class='ocrx_word' id='word_1_442' title='bbox 1281 4561 1337 4612; x_wconf 82' lang='grc' dir='ltr'>Δελ</span> <span class='ocrx_word' id='word_1_443' title='bbox 1452 4560 1487 4612; x_wconf 86' lang='grc'>20</span> <span class='ocrx_word' id='word_1_444' title='bbox 1510 4579 1558 4630; x_wconf 82' lang='grc' dir='ltr'>μη·</span> 
     </span>
     <span class='ocr_line' id='line_1_41' title="bbox 197 4647 1504 4721; baseline -0.006 -14"><span class='ocrx_word' id='word_1_445' title='bbox 197 4656 273 4713; x_wconf 82' lang='grc' dir='ltr'>λίσιυς</span> <span class='ocrx_word' id='word_1_446' title='bbox 291 4656 313 4706; x_wconf 94' lang='lat' dir='ltr'><strong>D</strong></span> <span class='ocrx_word' id='word_1_447' title='bbox 432 4652 543 4710; x_wconf 72' lang='grc' dir='ltr'>δοκλέους</span> <span class='ocrx_word' id='word_1_448' title='bbox 561 4653 583 4703; x_wconf 95' lang='lat' dir='ltr'><strong>D</strong></span> <span class='ocrx_word' id='word_1_449' title='bbox 699 4655 884 4721; x_wconf 78' lang='grc' dir='ltr'>κατακοιμησαι</span> <span class='ocrx_word' id='word_1_450' title='bbox 904 4652 924 4703; x_wconf 95' lang='lat' dir='ltr'><strong>D</strong></span> <span class='ocrx_word' id='word_1_451' title='bbox 1040 4647 1123 4717; x_wconf 86' lang='grc' dir='ltr'>ὀλίγου</span> <span class='ocrx_word' id='word_1_452' title='bbox 1141 4649 1163 4700; x_wconf 93' lang='grc' dir='ltr'>Ι)</span> <span class='ocrx_word' id='word_1_453' title='bbox 1183 4648 1253 4701; x_wconf 54' lang='lat' dir='ltr'>Aet:</span> <span class='ocrx_word' id='word_1_454' title='bbox 1279 4648 1373 4700; x_wconf 79' lang='lat' dir='ltr'>delevit</span> <span class='ocrx_word' id='word_1_455' title='bbox 1391 4647 1504 4701; x_wconf 70' lang='lat' dir='ltr'>Hercher</span> 
     </span>
    </p>

    <p class='ocr_par' dir='ltr' id='par_1_13' title="bbox 197 4735 1556 4986">
     <span class='ocr_line' id='line_1_42' title="bbox 197 4735 1556 4812; baseline -0.007 -17"><span class='ocrx_word' id='word_1_456' title='bbox 197 4744 228 4795; x_wconf 87' lang='grc'>21</span> <span class='ocrx_word' id='word_1_457' title='bbox 255 4736 669 4812; x_wconf 70' lang='grc' dir='ltr'>ύπνῳθλυ1.;ῦπνου1δοῖελο</span> <span class='ocrx_word' id='word_1_458' title='bbox 779 4739 812 4790; x_wconf 86' lang='grc'>22</span> <span class='ocrx_word' id='word_1_459' title='bbox 836 4736 913 4790; x_wconf 87' lang='grc' dir='ltr'>ἐκεῖθι</span> <span class='ocrx_word' id='word_1_460' title='bbox 932 4739 989 4790; x_wconf 81' lang='grc' dir='ltr'>ΑεΙ.</span> <span class='ocrx_word' id='word_1_461' title='bbox 1095 4737 1128 4789; x_wconf 78' lang='grc'>25</span> <span class='ocrx_word' id='word_1_462' title='bbox 1152 4737 1246 4789; x_wconf 80' lang='grc' dir='ltr'>σπεύδει</span> <span class='ocrx_word' id='word_1_463' title='bbox 1265 4736 1313 4801; x_wconf 79' lang='lat' dir='ltr'>(vel</span> <span class='ocrx_word' id='word_1_464' title='bbox 1333 4735 1380 4799; x_wconf 86' lang='grc' dir='ltr'>δεῖ)</span> <span class='ocrx_word' id='word_1_465' title='bbox 1399 4736 1473 4788; x_wconf 81' lang='lat' dir='ltr'>codd.</span> <span class='ocrx_word' id='word_1_466' title='bbox 1487 4735 1556 4788; x_wconf 78' lang='grc' dir='ltr'>Αελε</span> 
     </span>
     <span class='ocr_line' id='line_1_43' title="bbox 197 4823 1503 4897; baseline -0.006 -15"><span class='ocrx_word' id='word_1_467' title='bbox 197 4829 310 4882; x_wconf 78' lang='grc' dir='ltr'>σπεύδειν</span> <span class='ocrx_word' id='word_1_468' title='bbox 328 4830 363 4882; x_wconf 90' lang='lat' dir='ltr'>D:</span> <span class='ocrx_word' id='word_1_469' title='bbox 388 4827 453 4897; x_wconf 84' lang='grc' dir='ltr'>φιλεῖ</span> <span class='ocrx_word' id='word_1_470' title='bbox 471 4827 582 4879; x_wconf 79' lang='grc' dir='ltr'>Ηετελυτ</span> <span class='ocrx_word' id='word_1_471' title='bbox 688 4826 730 4879; x_wconf 86' lang='grc'>25.</span> <span class='ocrx_word' id='word_1_472' title='bbox 744 4826 777 4878; x_wconf 88' lang='grc'>26</span> <span class='ocrx_word' id='word_1_473' title='bbox 800 4825 883 4895; x_wconf 81' lang='grc' dir='ltr'>ὥσπερ</span> <span class='ocrx_word' id='word_1_474' title='bbox 902 4825 945 4876; x_wconf 80' lang='grc' dir='ltr'>οῦν</span> <span class='ocrx_word' id='word_1_475' title='bbox 965 4825 1032 4877; x_wconf 76' lang='grc' dir='ltr'>Αυλι</span> <span class='ocrx_word' id='word_1_476' title='bbox 1058 4825 1101 4877; x_wconf 87' lang='grc' dir='ltr'>οῦν</span> <span class='ocrx_word' id='word_1_477' title='bbox 1120 4825 1244 4891; x_wconf 80' lang='grc' dir='ltr'>ώσπερλ)</span> <span class='ocrx_word' id='word_1_478' title='bbox 1355 4823 1387 4875; x_wconf 79' lang='grc'>27</span> <span class='ocrx_word' id='word_1_479' title='bbox 1412 4824 1503 4875; x_wconf 80' lang='grc' dir='ltr'>υίδεΙ)</span> 
     </span>
     <span class='ocr_line' id='line_1_44' title="bbox 198 4913 977 4986; baseline -0.008 -16"><span class='ocrx_word' id='word_1_480' title='bbox 198 4916 300 4970; x_wconf 77' lang='grc' dir='ltr'>πεδιάδα</span> <span class='ocrx_word' id='word_1_481' title='bbox 320 4918 388 4970; x_wconf 80' lang='grc' dir='ltr'>Δελι</span> <span class='ocrx_word' id='word_1_482' title='bbox 412 4913 515 4967; x_wconf 80' lang='grc' dir='ltr'>πεδιάδα</span> <span class='ocrx_word' id='word_1_483' title='bbox 534 4915 555 4967; x_wconf 95' lang='lat' dir='ltr'><strong>D</strong></span> <span class='ocrx_word' id='word_1_484' title='bbox 679 4913 845 4986; x_wconf 78' lang='grc' dir='ltr'>άτερεέδουσιν</span> <span class='ocrx_word' id='word_1_485' title='bbox 865 4913 977 4966; x_wconf 83' lang='lat' dir='ltr'>Hercher</span> 
     </span>
    </p>
   </div>
   <div class='ocr_carea' id='block_1_5' title="bbox 0 0 1760 5610">
    <p class='ocr_par' dir='ltr' id='par_1_14' title="bbox 0 0 1760 5610">
     <span class='ocr_line' id='line_1_45' title="bbox 0 0 1760 5610; baseline 0 0"><span class='ocrx_word' id='word_1_486' title='bbox 0 0 1760 5610; x_wconf 95' lang='lat' dir='ltr'> </span> 
     </span>
    </p>
   </div>
  </div>
 </body>
</html>
