3510 5610
209 286 251 354 66
754 289 1024 347 Pursernurnrnr

261 461 445 543 obsistente,
472 464 518 529 ita
543 472 579 530 ut
603 460 643 530 in
663 466 806 531 circulari
831 467 923 551 plano
946 465 1066 530 ambiat
1088 472 1119 530 et
1140 474 1257 532 resecet
1278 466 1389 530 mundi
1410 467 1512 531 mani·
1530 478 1580 538 56¹1

258 564 370 630 festam
390 567 569 647 sectionem,
592 569 632 633 ad
655 569 819 633 ueritatem
835 569 962 653 quidem
976 568 1078 633 minor
1092 567 1330 654 hemisphaerio,
1353 568 1393 632 ad
1407 567 1516 633 uisum
1529 587 1542 628 1

260 688 333 732 uero
357 669 627 754 hemisphaerium.
672 670 711 735 ad
732 671 830 735 solem
852 692 976 754 quoque
997 678 1083 736 ortus
1105 676 1137 736 et
1157 692 1281 736 occasus
1304 671 1418 736 dicitur
1436 692 1514 757 qua-

261 769 449 855 drupliciter.
493 772 629 837 orizonte
652 773 734 837 enirn
757 773 857 838 diuiso
883 773 1128 858 tropicis.cyclis
1153 774 1188 838 in
1216 782 1301 839 ortus
1324 781 1355 839 et
1377 795 1515 855 occasus,

231 874 419 957 aaquilones
441 882 472 938 et
494 874 647 954 meridies,
671 882 717 939 est
738 876 864 959 quidem
887 875 1045 940 orientalis
1066 876 1106 940 ad
1128 876 1226 941 solem
1240 877 1325 942 locus
1340 898 1396 961 per
1411 879 1512 943 orien-

260 976 564 1061 talehemicyclium
586 982 726 1061 receptus
748 978 897 1042 transitus
919 978 1047 1042 eiusab
1070 979 1188 1044 aestiuo
1209 986 1279 1043 ortu
1293 979 1327 1044 in
1343 980 1513 1045 hiemalem

259 1085 362 1144 ortum
384 1080 502 1146 diuisus
525 1080 564 1144 ab
587 1079 806 1163 aequinoctiali
833 1088 916 1145 ortu:
944 1101 1070 1145 occasus
1096 1088 1203 1146 autem
1229 1104 1284 1167 per
1312 1083 1511 1166 diametrum,
1526 1101 1555 1142 ιο

260 1182 310 1245 cui
331 1181 416 1248 locus
438 1184 477 1248 ab
500 1172 620 1248 aestiuo
643 1203 752 1247 occasu
773 1183 807 1247 in
828 1183 1007 1261 hiemalem,
1033 1184 1173 1249 medium
1198 1185 1316 1250 habens
1343 1187 1509 1271 aequinoc-
1526 1201 1579 1262 saa

183 1342 187 1351 .
257 1283 364 1349 tialem
392 1307 543 1351 occasum.
587 1284 780 1368 aquilonales
807 1307 881 1351 uero
908 1292 1011 1372 partes
1038 1286 1183 1351 orinontis
1209 1295 1283 1352 sunt
1304 1309 1323 1352 a
1344 1289 1510 1356 manifesto

218 1401 244 1445 10
257 1388 344 1472 polo,
375 1389 565 1454 meridianae
595 1395 700 1453 autem
728 1395 760 1453 et
785 1389 935 1453 australes
959 1388 1150 1453 econtrario
1177 1389 1216 1453 ab
1244 1390 1362 1456 occulto
1391 1393 1512 1478 positae

256 1498 330 1556 sunt
352 1493 432 1576 polo.
476 1493 576 1556 omnis
603 1492 686 1556 enim
711 1492 859 1576 sphaerae
886 1491 1068 1575 intelligunt
1092 1491 1169 1556 duas
1197 1493 1408 1559 extremitates
1431 1517 1513 1580 quae

261 1593 402 1660 dicunter
422 1595 502 1679 puli:
536 1615 632 1659 unam
657 1594 784 1678 quidem
805 1592 843 1657 ad
868 1593 1023 1658 borealem
1044 1600 1180 1679 partem,
1209 1595 1339 1663 alteram
1365 1619 1440 1662 uero
1472 1597 1512 1662 ad

257 1698 424 1762 australem
439 1698 585 1782 positam:
601 1696 712 1761 deinde
727 1696 913 1781 accipientes
929 1697 1016 1780 quasi
1030 1696 1351 1762 liniam'inchcantem
1366 1721 1386 1763 a
1401 1706 1509 1765 centro

258 1800 388 1866 borealis
414 1800 492 1885 poli,
520 1811 551 1864 et
577 1799 708 1864 eandem
729 1799 764 1863 in
785 1807 926 1863 centrum
948 1799 1093 1864 australis
1114 1799 1179 1884 poli
1201 1801 1325 1884 oblique
1348 1801 1509 1884 ducentes,
1522 1819 1552 1861 ro

216 1918 242 1963 15
256 1924 347 1969 axem
369 1903 533 1968 nominant
555 1903 635 1967 circa
657 1924 750 1987 quem
765 1923 888 1967 ornnem
904 1902 1096 1967 circulariter
1110 1903 1219 1968 dicunt
1233 1905 1320 1969 uolui
1334 1906 1509 1990 sphaeram,

255 2013 386 2092 utroque
419 2007 561 2092 polorum
586 2007 685 2071 ueluti
709 2007 796 2091 signo
823 2013 855 2071 et
881 2013 985 2071 centro
1013 2006 1147 2089 quodam
1173 2007 1328 2072 immobili
1349 2017 1508 2074 manente.

154 2107 158 2117 ’
254 2131 290 2174 ac
312 2131 367 2194 per
388 2111 446 2175 hoc
468 2110 650 2175 inclinatam
671 2111 791 2174 faciunt
813 2110 880 2174 axis
901 2110 1029 2190 lineam,
1051 2110 1125 2194 quia
1147 2111 1237 2175 aiunt
1258 2112 1417 2177 borealem
1440 2114 1508 2197 qni·

255 2213 326 2277 dem
347 2213 454 2298 polum
474 2235 595 2278 sursum
610 2213 754 2297 'positum
776 2219 808 2277 et
829 2212 918 2277 nobis
945 2233 1066 2297 semper
1091 2213 1307 2295 manifestum,
1338 2216 1507 2280 australem

254 2337 328 2381 uero
350 2317 494 2381 deorsum
515 2322 547 2380 et
568 2336 689 2400 semper
711 2315 880 2396 occultum3
904 2320 936 2380 et
956 2314 1058 2379 ueluti
1080 2336 1118 2378 ex
1140 2316 1350 2401 superioribus
1365 2319 1507 2402 partibus

213 2427 387 2485 retractum
409 2438 499 2483 axem
522 2438 620 2501 usque
641 2418 800 2482 inferiores
822 2418 937 2482 flexum
957 2438 1023 2481 esse
1046 2423 1078 2481 et
1099 2437 1163 2502 non
1177 2440 1232 2503 per
1246 2426 1364 2483 rectam
1380 2421 1508 2485 extendi

253 2523 372 2587 liniam.
416 2520 592 2585 borealibus
617 2520 724 2604 itaque
739 2537 874 2584 'sursum
900 2520 1021 2604 positis,
1055 2520 1202 2603 quoniam
1233 2521 1375 2586 zodiacus
1403 2522 1509 2607 cyclus
1522 2541 1551 2584 ao
1637 2528 1642 2535 '

253 2624 397 2709 obliquus
419 2645 474 2708 per
495 2623 627 2706 tropicos
649 2623 788 2706 tangitur
810 2622 935 2706 quidem
959 2622 1100 2706 utrisque
1122 2643 1177 2706 per
1198 2623 1317 2707 tropica
1336 2625 1435 2709 signa,
1459 2647 1509 2690 oc·

252 2750 326 2792 casu
346 2747 420 2792 uero
444 2731 476 2789 et
497 2733 568 2790 ortu
588 2724 636 2789 bis
658 2724 923 2808 aequinoctialem,
938 2730 1022 2788 secat
1043 2724 1165 2806 cyclum
1187 2745 1242 2809 per
1265 2727 1507 2810 aequinoctialia

251 2830 338 2913 signa
360 2850 415 2914 per
435 2836 600 2912 utramque
624 2827 768 2891 orizont'ns
790 2833 926 2911 partem,
953 2826 1136 2890 orientalem
1162 2827 1280 2893 scilicet
1307 2835 1338 2893 et
1364 2831 1506 2896 occiden-

211 2933 361 2999 aedem:
397 2941 429 2996 et
458 2931 531 2995 hinc
557 2929 693 2994 multum
722 2930 847 3014 quidem
874 2929 1050 2994 borealibus
1077 2929 1186 3009 distat,
1215 2932 1403 2998 australibus
1432 2957 1507 3001 uero

252 3036 490 3122 appropinquat.
535 3039 697 3118 propterea
731 3033 827 3098 etiam
859 3032 1066 3117 inaequalitas
1097 3032 1236 3097 locorum
1269 3037 1424 3101 contraria
1456 3039 1505 3103 fit:

252 3139 341 3204 aiunt
362 3137 445 3202 enim
469 3135 611 3200 inclinari
632 3135 784 3199 muudum
807 3135 846 3198 ab
869 3134 998 3199 arcturis
1020 3134 1060 3198 ad
1081 3135 1253 3217 meridiem,
1276 3157 1338 3201 non
1353 3138 1507 3205 inclinato

251 3240 422 3306 secundum
446 3238 611 3303 essentiam
632 3237 748 3301 mundo
772 3243 803 3302 et
826 3244 926 3302 erecto
948 3237 1002 3302 sed
1025 3238 1147 3302 anobis
1162 3244 1246 3303 secto
1262 3240 1398 3305 orizonte
1413 3243 1550 3315 autern

251 3344 327 3409 alios
349 3341 473 3407 habitus
494 3341 583 3405 iuxta
605 3339 758 3404 ambitum
777 3346 931 3404 astrorum
946 3339 1126 3423 accipiente.
1170 3361 1209 3404 an
1225 3340 1322 3424 magis
1337 3341 1506 3412 dicendum

211 3463 239 3508 ao
252 3447 326 3533 quia
351 3443 496 3509 inclinari
522 3442 636 3507 dicitur
661 3441 795 3506 mundus
823 3462 885 3506 non
911 3441 1084 3507 secundum
1113 3442 1280 3507 ueritatem
1312 3443 1366 3507 sed
1392 3468 1503 3512 secun-

199 3704 229 3756 ll
259 3701 292 3755 cf.
311 3655 415 3755 (iamin.
432 3699 450 3752 l.
465 3716 487 3753 c.
508 3716 535 3768 p.
548 3697 620 3765 13n,
641 3699 757 3753 Achillea
776 3699 835 3752 Tat.
853 3699 922 3769 laag.
945 3714 986 3767 ap.
1010 3698 1333 3769 Petav.Uran.p.152h
1462 3707 1495 3759 16
1524 3709 1558 3762 cf.

197 3790 300 3844 Gemin.
319 3787 370 3841 l.c.
388 3803 414 3856 p.
424 3786 487 3839 25Δ

197 3927 598 3940 ——--——-—-

197 4015 435 4133 anemisqlerioo
545 4014 812 4133 3hemispherium0
905 4065 959 4131 suit
976 4065 1036 4123 sorr.
1054 4081 1142 4132 praere
1159 4064 1203 4116 καὶ
1220 4063 1282 4133 πρδς
1298 4063 1342 4118 τδν
1360 4065 1432 4136 hirco
1450 4067 1477 4122 δὲ
1496 4070 1556 4124 ἀνα.

196 4153 258 4223 τολὴ
282 4153 325 4204 καὶ
343 4151 410 4210 διἰσις
428 4149 525 4220 λέγεται
547 4157 684 4223 τετραχῶς.
720 4156 765 4203 τοῦ
789 4151 835 4221 γὰρ
858 4149 983 4222 ὁρίζοντος
1007 4150 1157 4221 διῃρημένου
1180 4159 1231 4209 τοῖς
1249 4160 1376 4224 τροπικοῖς
1399 4153 1505 4216 κύκλοις
1524 4159 1559 4218 εἰς

196 4239 320 4298 ἀνατολὰς
339 4240 382 4291 καὶ
395 4231 483 4302 διέσεις,
503 4239 592 4310 βορρᾶς
610 4239 653 4290 καὶ
666 4237 828 4309 μεσημβρίας,
847 4237 995 4296 ἀνατολικδς
1013 4238 1058 4307 μέν
1071 4238 1122 4290 ἐστι
1141 4238 1202 4309 πρὸς
1220 4239 1263 4291 τὸν
1275 4239 1346 4309 ῆλιυν
1364 4241 1441 4302 τόπος
1459 4244 1558 4314 ῆκατά

197 4327 226 4380 τὸ
245 4325 394 4380 ἀνατολικὸν
413 4324 563 4396 ἡμικδκλιον
582 4324 756 4395 ἀπειλημμένη
776 4324 882 4397 πάροδος
899 4324 977 4378 αὑτοῦ
995 4324 1044 4378 ἀπὸ
1063 4329 1109 4395 τῆς
1127 4322 1227 4397 δερινῆς
1245 4325 1368 4398 ἀνατολῆς
1385 4329 1420 4388 εἰς
1438 4331 1485 4401 τῆν
1504 4351 1557 4403 χει·

197 4415 297 4486 μιρινὴν
316 4412 449 4484 ἀνατολήν,
470 4412 607 4484 διῃρημένη
626 4411 675 4466 ὑπὸ
693 4416 740 4482 τῆς
758 4413 898 4483 ἰσημερινῆς
916 4411 1052 4483 ἀνατολῆς·
1076 4411 1196 4481 δρομικός
1213 4412 1236 4466 δ’
1258 4413 1274 4484 ἡ
1294 4417 1360 4468 κατὰ
1378 4415 1521 4490 διάμετρον,
1540 4421 1557 4491 ’l

195 4501 244 4554 ἀπὸ
261 4505 308 4572 τῆς
325 4500 425 4574 δερινῆς
442 4499 537 4560 δέσεως
555 4501 589 4560 εἰς
607 4502 654 4572 τῆν
672 4501 822 4572 χιιμιρινῆν,
841 4502 921 4570 μέσην
939 4499 1031 4573 ἔχουσα
1049 4499 1095 4570 τῆν
1116 4499 1260 4569 ἰσημερινὴν
1278 4499 1346 4554 δδσιν
1449 4506 1482 4559 10
1497 4519 1557 4577 port

195 4641 256 4709 polo
275 4642 382 4706 apetiam
402 4642 427 4692 ia
447 4641 470 4694 G
488 4642 506 4694 4
524 4640 648 4693 literarum
667 4641 733 4707 qood
747 4658 794 4706 per
812 4642 906 4711 hyphen
925 4641 1033 4691 additum
1052 4658 1083 4692 m.
1099 4658 1143 4708 pr.
1161 4641 1286 4708 complevit
1360 4644 1388 4696 ll
1409 4595 1485 4746 spherp
1505 4647 1530 4700 G!

198 4797 228 4849 15
253 4747 353 4866 spbram
375 4798 398 4850 G
505 4797 539 4849 28
560 4816 649 4865 praece
662 4800 726 4865 sort.
746 4796 808 4851 ἀλλὰ
826 4801 870 4850 τοῦ
889 4796 934 4869 bp’
955 4797 1030 4868 ἡμῶν
1048 4798 1204 4867 τετμημένου
1223 4797 1347 4871 ὁρίζοντος
1365 4801 1453 4856 ἄλλοτ’
1474 4802 1554 4865 ἄλλας

195 4885 289 4955 σχέσεις
306 4903 367 4958 προς
378 4885 425 4956 τὴν
437 4885 550 4958 περίοδον
568 4892 620 4938 τῶν
633 4885 731 4958 ἄστρων
744 4885 919 4959 ἐπιδεχομένου
960 4946 965 4955 ι
990 4888 1023 4940 29
1042 4889 1187 4957 accipiente
1205 4888 1335 4942 Duebacr:
1354 4892 1553 4960 accipientem
