3510 5610
636 359 847 416 SOLUTIONES
867 362 912 416 ΑΙ)
932 357 1113 418 cnosnoud
1514 360 1556 428 83

250 530 330 597 duae
351 541 425 598 sunt
446 536 577 617 species:
607 558 670 600 una
692 536 818 620 quidem
841 543 888 601 est
909 537 1045 618 humida,
1068 536 1167 601 altera
1188 557 1263 601 uero
1285 537 1384 617 arida;
1412 557 1502 601 uoca-

249 640 362 718 turque
385 635 514 699 humida
536 637 660 720 quidem
684 659 792 722 uapor,
814 638 913 703 altera
932 660 1007 703 uero
1023 639 1149 703 omnino
1165 638 1290 722 quidem
1305 660 1369 704 non
1384 639 1501 703 habeus

251 758 375 818 nomen,
391 739 423 802 in
440 747 527 822 parte
542 745 648 803 autem
663 746 787 804 utentes
801 741 947 806 uniuerso
963 763 1031 806 eam
1048 742 1241 826 appellamus
1255 741 1356 806 ueluti
1370 743 1501 805 fumum.

251 846 297 904 est
319 841 403 904 enim
425 843 549 926 uaporis
571 842 698 925 quidem
726 852 837 908 natura
863 845 1026 908 humidum
1053 849 1086 907 et
1107 844 1241 908 calidum
1264 865 1285 905 a
1307 864 1328 904 a
1350 864 1370 904 ιε
1392 852 1425 908 et
1445 845 1502 908 sic·

222 958 335 1009 scum:
359 951 391 1008 et
413 950 460 1006 est
481 965 580 1028 uapor
601 945 729 1028 quidum
752 946 868 1011 uirtute
890 947 991 1011 ueluti
1017 968 1112 1031 aqua,
1139 946 1258 1011 indatio
1284 967 1357 1011 uero
1385 947 1503 1011 uirtute

251 1048 352 1111 ueluti
378 1047 466 1130 ignis.
511 1067 611 1129 neque
645 1069 718 1112 uero
747 1049 912 1113 humidum
941 1070 1041 1133 neque
1069 1049 1190 1113 aridum
1216 1050 1282 1114 sinc
1309 1071 1342 1114 se
1368 1050 1504 1114 inuicem
1607 1097 1614 1113 .

251 1158 334 1229 sunt,
357 1150 411 1213 sed
434 1150 510 1213 haec
525 1150 629 1213 omnia
644 1150 790 1214 dicuntur
805 1151 974 1216 secundum
992 1152 1193 1216 eminentiam
1209 1159 1241 1216 et
1257 1152 1503 1216 habundantiam

251 1253 282 1316 in
305 1252 413 1316 altero.
458 1259 489 1316 θῖ
511 1274 603 1336 saepe
626 1252 752 1335 quidem
774 1274 909 1338 uaporea
931 1254 1050 1319 inflatio
1077 1255 1280 1338 multiplicior
1305 1255 1430 1318 sicciore
1457 1264 1504 1319 est

250 1360 283 1418 θῖ
303 1355 417 1434 fumea,
440 1360 471 1418 et
492 1355 537 1418 sic
558 1355 592 1418 in
613 1355 744 1419 imbrem
768 1376 833 1419 esse
855 1363 978 1441 tempus
1000 1356 1078 1420 illud
1094 1365 1125 1421 θῖ
1140 1357 1368 1441 plenitudinem
1389 1357 1503 1421 multa-

211 1471 237 1515 re
250 1477 319 1520 rum
343 1478 510 1541 aquarum:
539 1477 616 1540 quas
643 1458 795 1523 contrario
820 1479 857 1522 ex
879 1461 1001 1523 fumeae
1023 1460 1191 1525 inflationis
1213 1460 1425 1524 habundantia
1446 1460 1503 1523 sic-

250 1560 326 1624 citas
352 1566 479 1644 superat
505 1566 537 1623 θῖ
563 1559 803 1642 puluerulentia.
848 1562 905 1626 hoc
938 1567 1044 1626 autem
1078 1563 1260 1627 obseruator
1285 1562 1423 1626 accidere
1449 1569 1504 1626 aut

249 1683 303 1746 per
325 1663 458 1726 multam
481 1668 512 1726 θῖ
533 1662 710 1744 contiguam
732 1663 887 1746 regionem
910 1670 965 1728 aut
987 1686 1042 1748 per
1057 1672 1169 1748 partes.
1214 1686 1305 1748 sacpc
1321 1665 1405 1727 enim
1420 1665 1502 1748 regio

250 1765 374 1847 quidem
404 1785 482 1848 quae
510 1765 542 1827 in
564 1763 694 1828 circuitu
723 1771 769 1829 est
796 1766 909 1850 accipit
935 1768 1120 1850 temporales
1146 1768 1274 1848 imbres3
1308 1767 1341 1830 in
1368 1766 1504 1850 quadam

250 1886 323 1929 uero
346 1874 433 1950 parte
456 1866 594 1931 eiusdem
617 1876 662 1931 est
684 1867 925 1951 puluerulentia‚
948 1870 1028 1933 sicut
1048 1870 1243 1934 econtrario.
1287 1890 1380 1933 causa
1395 1876 1501 1934 autern

210 1983 236 2028 ιο
250 1969 383 2033 duamm
397 1970 509 2033 harum
523 1968 718 2033 inflationum
735 1977 781 2033 est
795 1970 850 2034 sol.
885 1966 1074 2036 circulariter
1090 1972 1174 2037 enim
1194 1979 1224 2036 θῖ
1244 1972 1368 2055 oblique
1388 1971 1503 2035 faciens

250 2093 305 2155 per
326 2071 487 2137 zodiacum
508 2080 657 2151 meatum,
681 2078 756 2136 tunc
777 2081 997 2157 superuectum
1021 2074 1184 2139 humidum
1206 2096 1225 2138 a
1247 2081 1331 2138 terra
1353 2073 1391 2137 ad
1414 2093 1503 2156 supe-

250 2174 362 2238 riorem
384 2181 522 2238 meatum
544 2173 653 2253 trahit3
688 2174 787 2258 ipsam
810 2181 890 2240 'uero
917 2182 1033 2240 terram
1059 2176 1218 2241 caliditate
1240 2176 1358 2240 siccans
1381 2177 1503 2239 fumeae

251 2277 418 2341 inflationis
440 2277 515 2341 lacit
537 2276 603 2340 fieri
625 2277 870 2361 respirationem.
915 2278 981 2362 ipse
1004 2279 1110 2361 itaque
1133 2278 1250 2342 habens
1269 2278 1391 2342 humidi
1405 2279 1502 2362 pleni-

251 2380 392 2443 tudinem
414 2400 512 2463 uapor
532 2379 566 2442 iu
588 2379 777 2462 superiorem
799 2380 902 2444 locum
925 2381 1092 2461 reducitur,
1116 2383 1169 2465 qui
1185 2388 1231 2445 est
1245 2402 1340 2465 super
1354 2381 1502 2444 solarium

208 2497 237 2542 οο
250 2481 406 2546 radiorum
429 2482 702 2566 repercussionem‚
726 2489 757 2546 et
779 2483 823 2546 ibi
844 2489 970 2567 propter
992 2484 1087 2565 frigus
1110 2485 1309 2549 constituitur
1331 2485 1446 2548 iterum
1467 2483 1500 2547 in

250 2607 378 2669 aquam,
405 2585 526 2667 longius
553 2585 635 2648 facto
662 2585 726 2649 sole
753 2606 808 2670 per
830 2585 950 2669 obliqui
972 2586 1079 2650 circuli
1102 2585 1291 2650 distantiam.
1335 2587 1441 2669 sicque
1464 2608 1503 2650 ex

147 2682 153 2693 ’
250 2688 357 2753 eodem
380 2689 478 2752 nubes
501 2694 532 2752 et
553 2688 693 2771 pluuiam
717 2696 749 2752 θῖ
771 2689 877 2752 niuem
899 2696 932 2752 et
953 2689 1023 2771 gelu
1046 2697 1077 2752 et
1098 2711 1196 2753 unum
1212 2688 1356 2772 quodque
1371 2689 1504 2753 aliorum

249 2791 448 2855 humidorum
474 2790 507 2854 in
534 2811 605 2854 aere
635 2796 666 2854 θῖ
694 2791 775 2855 circa
801 2798 917 2855 terram
945 2791 1110 2855 consistere
1136 2791 1350 2870 manifestum3
1385 2791 1504 2856 aridam

249 2914 322 2957 uero
344 2893 539 2957 inflationem
563 2893 718 2976 copiosam
740 2894 906 2978 spirituum
927 2893 1115 2978 principium
1142 2901 1173 2957 et
1197 2900 1341 2957 naturam
1365 2894 1445 2973 fieri,
1473 2901 1504 2958 et

208 2995 381 3060 asaliorum
405 3016 618 3079 quaecumque
645 2997 752 3079 igneae
778 3003 853 3060 sunt
874 2996 1036 3060 essentiae.
1081 2995 1230 3079 quoniam
1254 2996 1361 3079 itaque
1391 2996 1504 3081 duplex

250 3099 377 3183 quidam
400 3106 503 3162 motus
526 3106 572 3161 est
594 3106 806 3183 utrorumque,
830 3105 860 3162 θῖ
883 3119 990 3162 eorum
1013 3119 1093 3182 quae
1115 3119 1237 3162 sursum
1253 3105 1405 3162 eteorum
1424 3120 1503 3183 quae

250 3198 395 3265 deorsum
416 3201 567 3278 feruntur,
591 3222 670 3265 unus
692 3201 816 3284 quidem
840 3201 929 3264 iuxta
951 3207 1106 3280 naturam,
1129 3200 1208 3265 alter
1221 3220 1296 3264 uero
1319 3207 1428 3265 contra
1449 3224 1503 3266 na·

250 3311 355 3368 turam
371 3312 403 3367 et
417 3304 585 3383 uiolentus,
609 3304 772 3388 oportebat
786 3303 978 3367 inflationem
993 3309 1158 3387 utramque
1172 3303 1321 3388 accipere,
1343 3302 1504 3368 humidam

198 3451 302 3459 ..-...-

197 3527 210 3578 l
232 3527 341 3578 Aristot.
355 3524 477 3578 359b28:
497 3524 548 3577 ἔστι
560 3526 606 3596 χὰρ
625 3523 669 3576 too
681 3523 733 3595 είδη
746 3528 792 3595 τῆς
811 3522 1008 3594 ἀναθυμιάσεως,
1026 3522 1063 3583 ὥς
1076 3543 1166 3594 φαμεν,
1183 3524 1200 3594 ἡ
1214 3525 1259 3593 μέν
1271 3522 1334 3596 oppa
1345 3524 1361 3594 ἡ
1374 3522 1401 3576 δὲ
1414 3521 1484 3594 ξηρά.
1511 3543 1557 3576 τια-

195 3611 274 3666 λεϊται
292 3611 315 3664 δ’
331 3613 347 3682 ἡ
366 3613 410 3681 μέν
429 3614 509 3680 ἀτμίς,
527 3612 583 3682 ἠδέ
600 3613 629 3664 τὸ
649 3613 693 3678 μέν
706 3610 763 3664 ὅλον
781 3613 919 3680 ἀνώνυμος,
938 3616 976 3682 rep
994 3611 1018 3664 δ’
1033 3612 1073 3664 ἐπί
1091 3613 1180 3682 μέρους
1198 3612 1296 3682 ἀνάγκη
1315 3612 1462 3681 χρωμένους
1479 3610 1558 3665 acadd-

195 3699 242 3752 λου
259 3699 449 3771 προσαχορεδειν
468 3699 547 3769 αίιτὴν
565 3699 616 3751 οίον
634 3698 730 3751 παπνάν
834 3702 851 3752 4
879 3700 916 3753 Ιά.
933 3699 1057 3751 3401127:
1077 3698 1128 3751 ἔστι
1146 3699 1192 3770 γάρ
1210 3699 1313 3767 ἀτμίδος
1331 3700 1376 3768 μίν
1394 3697 1466 3769 φύσις
1484 3698 1557 3771 δχρὸν

195 3788 240 3840 καί
257 3786 359 3860 δερμάν,
377 3785 568 3855 ἀναθυμιάσεως
587 3786 613 3839 δέ
630 3785 724 3858 θερμὸν
743 3787 787 3839 καί
806 3785 892 3858 ξηρόν·
915 3787 959 3839 καὶ
977 3785 1042 3838 ἔστιν
1061 3786 1133 3852 ἀτμὶς
1151 3787 1197 3855 μέν
1215 3784 1317 3854 δυνάμει
1335 3785 1385 3838 oica
1404 3784 1480 3855 ὕδωρ,
1499 3787 1557 3839 ἀνα-

195 3873 311 3944 θυμίασις
334 3873 360 3927 δὲ
379 3874 481 3941 δυνάμει
500 3874 551 3927 olon
570 3879 618 3946 πῦρ
742 3874 757 3925 6
785 3875 823 3926 ld.
842 3873 964 3926 359b32:
992 3873 1044 3925 lora
1066 3871 1090 3925 δ’
1112 3870 1170 3926 οὔτε
1192 3872 1221 3925 τὸ
1240 3872 1313 3945 ὺχρδν
1336 3873 1394 3926 ἄνευ
1417 3879 1461 3927 τοῦ
1480 3873 1558 3947 ξηροῦ

195 3959 254 4014 οὔτε
271 3961 301 4014 τὸ
323 3960 397 4033 ξηρὸν
415 3962 474 4013 ἄνευ
497 3966 541 4015 τοῦ
562 3961 650 4033 ὓχροῦ,
673 3961 737 4014 ἀλλὰ
755 3962 837 4013 πάντα
858 3964 938 4013 ταῦτα
960 3959 1057 4030 λέγεται
1075 3961 1142 4013 κατὰ
1163 3961 1210 4031 τὴν
1228 3959 1356 4033 ὑπεροχήν
1475 3963 1492 4015 8
1519 3963 1556 4015 Ιιί.

195 4048 301 4102 360122:
325 4047 366 4101 διά
384 4048 410 4100 δὲ
428 4048 457 4102 τὸ
476 4049 553 4102 ἐνίοτε
572 4050 617 4118 μέν
635 4050 681 4120 τὴν
700 4047 829 4117 ἀτμιδάυδη
848 4046 958 4118 γίνεσθαι
975 4046 1162 4101 πολλαπλασίαν
1185 4045 1226 4100 ὅτε
1244 4047 1271 4101 δέ
1289 4049 1335 4118 τὴν
1354 4046 1431 4120 ξηράν
1450 4049 1494 4100 καί
1511 4068 1557 4101 κα-

195 4134 299 4205 πνώδη,
317 4133 358 4189 ὅτε
377 4137 423 4206 μέν
441 4136 555 4210 έπομβρα
572 4138 605 4189 τά
623 4137 667 4206 ίτη
684 4135 777 4205 γίνεται
795 4135 839 4187 καί
857 4134 933 4208 ὑγρά,
951 4134 992 4188 tre
1010 4134 1036 4187 δέ
1055 4134 1171 4205 ἀνεμώδη
1191 4136 1234 4188 καί
1252 4134 1354 4209 αδχμοί.
1391 4135 1433 4188 ὁτὲ
1451 4137 1496 4203 μὲν
1514 4135 1557 4188 οὖν

195 4223 326 4293 συμβαίνει
344 4224 457 4282 καὶτοὺς
475 4223 589 4294 αὐχμοὺς
607 4223 650 4275 aul
668 4224 713 4281 τὰς
730 4222 867 4295 ἐπομβρίας
884 4222 993 4280 πολλοὺς
1010 4221 1063 4291 ἅμα
1080 4223 1123 4275 καὶ
1142 4224 1208 4276 κατὰ
1221 4228 1314 4294 συνεχῆ
1334 4221 1443 4292 γίνεσθαι
1461 4224 1556 4295 χώραν,

195 4310 238 4364 eet
256 4309 282 4364 δὲ
301 4311 344 4364 aul
362 4310 428 4362 κατὰ
446 4311 518 4383 μέρη.
555 4309 677 4367 πολλάκις
695 4312 741 4382 γὰρ
759 4310 776 4380 ἡ
794 4311 840 4378 μὲν
858 4308 947 4379 ιιίιιιλιμ
972 4310 1046 4383 χώρα
1067 4308 1189 4380 λαμβάνει
1210 4310 1269 4368 τους
1287 4310 1395 4381 ὡραίους
1412 4310 1521 4383 ὄμβρους
1539 4310 1555 4381 ἡ

194 4398 239 4451 καί
256 4396 370 4463 πλείους,
391 4397 417 4449 έν
436 4397 462 4450 δέ
486 4416 533 4450 τινι
558 4398 626 4467 μέρει
649 4396 742 4467 sabaoc
765 4396 863 4466 αὐχμός
886 4397 964 4449 ἐστιν·
993 4397 1034 4450 ὁτὲ
1052 4397 1078 4450 δέ
1096 4397 1239 4450 τούναντίον
1261 4402 1306 4467 τῆς
1329 4397 1418 4468 ιιίιιιλιμ
1441 4398 1556 4469 πάσηςὴ

194 4484 304 4555 μετρίοις
327 4485 461 4556 χρωμένης
483 4483 568 4537 ὕδασιν
591 4485 607 4556 ἢ
627 4486 671 4537 καί
696 4483 791 4553 μᾶλλον
815 4484 967 4555 αὺχμάισης,
992 4485 1018 4538 έν
1040 4504 1064 4537 τι
1083 4486 1168 4557 μόριον
1191 4482 1281 4543 ὕδατος
1304 4484 1414 4555 ἄφθονον
1437 4484 1557 4556 λαμβάνει

196 4571 294 4644 πλῆθος
402 4572 433 4626 15
461 4573 493 4624 cf.
516 4573 625 4625 Aristot.
644 4572 754 4625 manao
860 4571 893 4624 24
921 4573 957 4625 ld.
977 4573 1099 4626 360212:
1127 4572 1188 4643 ἡδί
1207 4569 1270 4643 ξηρά
1292 4570 1360 4640 [scil.
1383 4572 1556 4642 άναδιμίασις]

194 4667 248 4714 τῶν
266 4660 416 4728 πνευμάτων
434 4660 501 4732 ἀρχὴ
519 4660 563 4712 acl
581 4659 652 4730 φάσις
670 4662 771 4713 πάντων

195 4863 346 4933 3nomen]
365 4880 419 4918 nen
440 4864 522 4916 OHM
632 4867 764 4918 lexoidit
782 4865 928 4920 inflationis
946 4884 1009 4921 uero
1029 4868 1141 4921 calidum
1258 4868 1328 4921 9θῖ
1345 4866 1384 4920 sic
1401 4867 1431 4919 in
1448 4867 1556 4920 imbrem

195 4969 253 5011 esse
271 4957 373 5022 tempus
392 4951 468 5021 illud]
485 4971 575 5019 praece
588 4956 652 5021 sort.
672 4952 737 5007 ὥστε
755 4954 882 5027 ἔπομβρον
899 4955 947 5026 τὴν
966 4953 1035 5027 ὥραν
1053 4952 1163 5025 χίνισδαι
1247 4956 1280 5008 14
1298 4956 1368 5008 sicut
1388 4955 1452 5007 GM:
1473 4955 1511 5008 sic
1528 4955 1561 5007 H

1314 5041 1354 5109 6.
