3510 5610
585 1478 588 1483 ’
658 1493 1051 1570 PRAEFATIO

267 1783 443 1866 Superesse
456 1780 657 1848 Constantini
670 1781 969 1867 Porphyrogenneti
985 1782 1026 1848 de
1041 1789 1158 1849 natura
1174 1782 1359 1849 animalium
1372 1784 1533 1866 Excerpta

184 1903 307 1986 primus
334 1902 443 1968 docuit
465 1901 654 1967 Valentinus
675 1900 769 1983 Rose,
800 1901 853 1984 qui
875 1921 904 1967 a.
924 1902 1006 1967 1863
1029 1922 1068 1968 ex
1097 1902 1207 1969 codice
1228 1903 1374 1969 Parisino
1398 1901 1534 1967 frustula

180 2024 338 2085 nonnulla
366 2020 432 2105 [Ar.
456 2020 660 2104 pseudepigr.
683 2043 714 2104 p.
731 2018 806 2104 282]
835 2019 951 2086 deinde
977 2022 1115 2088 a.1870
1141 2021 1276 2105 primam
1303 2022 1533 2107 Excerptorum

181 2149 307 2224 partem
324 2140 423 2206 edidit
437 2139 510 2224 [An.
524 2138 651 2205 Graeca
666 2147 698 2203 et
711 2138 892 2204 Graeculat.
906 2141 934 2203 ll
952 2161 982 2223 p.
994 2139 1092 2224 3sq.].
1120 2140 1361 2206 emendationes
1377 2140 1532 2224 quasdam

184 2259 332 2323 adiunxit
348 2258 508 2341 Sauppius
531 2257 632 2342 [uolt.
648 2258 710 2338 gel.
726 2259 804 2321 Anu.
823 2259 905 2322 1872
926 2280 955 2341 0.
969 2258 1056 2344 2201
1092 2259 1163 2342 ipse
1184 2280 1255 2325 oum
1269 2267 1395 2325 aestate
1409 2279 1439 2324 a.
1453 2258 1535 2324 1880

183 2377 398 2442 bibliothecas
424 2376 548 2441 Athoas
578 2375 800 2460 pervestigans
828 2377 984 2459 codicem,
1019 2378 1051 2441 in
1079 2397 1141 2459 quo
1171 2379 1275 2443 altera
1304 2379 1535 2461 Excerptorum

182 2496 287 2561 series
309 2497 407 2578 inest,
434 2493 569 2560 feliciter
591 2494 818 2578 repperirem,
847 2516 963 2561 novam
991 2497 1151 2562 adornare
1177 2495 1348 2562 editionem
1376 2496 1535 2562 constitui.

181 2614 297 2679 librum
314 2613 451 2698 priorem
471 2613 514 2679 ad
530 2614 667 2679 Parisini
690 2615 904 2680 conlationem
927 2616 968 2680 ab
984 2615 1115 2680 Alfredo
1133 2614 1298 2680 Schoeneo
1315 2615 1492 2682 conlectam
1500 2617 1534 2701 ¹),

181 2735 319 2799 alterum
341 2733 384 2797 ad
406 2753 511 2799 meum
534 2731 629 2798 Athoi
652 2733 873 2817 apographum
896 2735 1051 2800 recensui.

269 2850 470 2916 Parisinus
491 2851 559 2937 (Gr.
572 2853 682 2936 Suppl.
695 2852 771 2939 495)
787 2874 812 2917 s.
824 2852 901 2917 XIV
917 2852 1136 2939 bombycinus,
1152 2852 1227 2918 olim
1242 2872 1263 2917 a
1278 2852 1376 2937 Myna
1393 2853 1534 2919 Minoide
1550 2854 1575 2918 P

183 2971 326 3036 Parisios
342 2971 498 3035 advectus
520 2976 578 3036 est.
618 2970 724 3037 fuerat
744 2972 778 3037 in
800 2971 946 3038 coenobii
962 2972 1200 3038 Pantooratoris
1217 2971 1313 3036 Athoi
1329 2971 1536 3057 bibliotheca,

182 3091 269 3156 foliis
286 3093 325 3156 16
347 3088 541 3170 compositus
564 3068 626 3154 est,

270 3209 418 3274 Athous
440 3227 461 3272 a
478 3207 633 3273 coenobio
650 3208 794 3293 Dionysii
811 3210 908 3275 Athoi
932 3210 1028 3275 hodie
1043 3210 1224 3293 possidetur
1246 3208 1310 3294 (no.
1330 3209 1413 3294 180).
1451 3208 1536 3274 bom·
1551 3210 1579 3273 D

183 3328 320 3412 bycinus
341 3335 390 3394 est
411 3327 444 3390 111
460 3326 496 3391 8⁰
517 3326 620 3391 forma
635 3326 767 3411 maiore,
790 3336 928 3394 exeunte
951 3349 976 3393 s.
992 3328 1073 3392 XIII
1095 3328 1147 3393 vel
1163 3329 1239 3394 XIV
1255 3329 1386 3394 ineunte
1402 3329 1538 3411 scriptus

184 3447 335 3530 foliisque
351 3447 410 3512 387
434 3446 638 3529 compositus.
676 3447 730 3511 101.
749 3449 874 3513 1-335
889 3447 981 3511 varia
1002 3466 1042 3511 ex
1065 3447 1096 3511 S.
1113 3446 1255 3531 Illacarii,
1279 3445 1425 3532 Dionysii
1442 3446 1538 3511 Areo-

183 3565 330 3649 pagitae,
360 3565 517 3629 Johannis
545 3566 780 3650 chrysostomi,
811 3565 970 3631 Iohannis
997 3567 1203 3650 Damasceni,
1231 3565 1375 3648 Maximi,
1403 3565 1538 3630 Nicotae

184 3685 414 3767 Heracleotae,
448 3684 556 3749 Basilii
584 3685 717 3749 aliorum
747 3685 896 3768 operibus
924 3686 1114 3768 theologicis
1143 3687 1317 3769 Excerpta,
1344 3684 1537 3752 1013311-

185 3806 263 3871 381ν
290 3806 426 3887 alterum
450 3803 616 3869 Zoicorum
640 3804 842 3869 Constantini
872 3804 986 3867 librum
1010 3805 1273 3887 complectuntur.
1318 3804 1483 3889 inscriptio
1505 3805 1538 3870 in

185 3924 292 3988 fronte
315 3922 434 3987 omissa
450 3942 489 3988 011
508 3922 614 3987 indice
637 3922 731 3987 huius
746 3921 970 4004 Anthologiae,
993 3942 1076 4004 quae
1099 3923 1391 4008 βιβλοπανσὺλλεκτος
1413 3923 1538 4008 dicitur,

185 4043 362 4126 repetenda
384 4047 433 4106 est
455 4039 634 4126 “ouuuymyiy
658 4045 722 4127 περὶ
745 4040 831 4128 ζῴων
854 4043 980 4126 ἱστορίας
1002 4043 1147 4127 χερσαίων
1170 4044 1332 4107 θαλαττίων
1354 4044 1402 4107 καὶ
1424 4047 1538 4127 πτηνῶν

185 4162 346 4245 πονηθεῖσα
369 4162 447 4244 παρὰ
469 4161 612 4245 βασιλέως
634 4166 724 4246 sopri
746 4159 964 4227 Κωνσταντίνου
986 4167 1037 4226 τοῦ
1071 4161 1175 4246 [deest
1198 4161 1404 4244 Imperatoris
1426 4181 1540 4243 cogno·

186 4301 259 4346 meu
283 4281 388 4364 spatio
411 4299 513 4344 vacuo
536 4281 659 4365 relicto]
688 4283 735 4346 καὶ
759 4282 792 4344 ἐκ
815 4279 959 4367 διαφόρων
983 4281 1099 4366 βιβλίων
1123 4279 1341 4364 ἐρανισῦεῖσα”.
1387 4281 1537 4346 101335·

184 4401 301 4484 incipit
323 4400 403 4465 liber
425 4399 594 4479 secundus,
617 4399 705 4464 cuius
728 4399 819 4464 deest
842 4398 922 4464 finis.
967 4420 1041 4463 num
1065 4400 1166 4464 codex
1189 4400 1286 4464 otiam
1308 4400 1437 4465 ultimos
1459 4399 1541 4466 duos

184 4519 396 4585 conlectionis
426 4517 712 4584 Constantinianus
738 4517 851 4602 libros,
885 4539 960 4583 num
988 4518 1085 4584 etiam
1115 4518 1251 4602 primum
1280 4518 1444 4598 habuerit,
1477 4518 1539 4584 dici

260 4786 278 4851 ¹)
305 4784 435 4837 Nonnulla
459 4784 548 4853 postca
573 4784 603 4834 o.
627 4782 741 4849 lleylhut
769 4786 887 4836 11110111.
911 4782 1029 4850 chrarrd
1053 4784 1144 4835 iterum
1176 4789 1295 4851 prompta
1321 4782 1477 4836 liberalitate
1501 4783 1540 4835 in·

184 4880 336 4941 spexcruut.
