3510 5610
364 338 615 395 ΔθῖθΤΟΡΗΔΝῖὸ
633 340 817 396 HISTORIAE
836 332 1030 394 ANIMALIUM
1050 340 1197 394 ΕΡΙΤΟΜΕ
1216 341 1240 393 11
1261 340 1380 393 ῖ10.ῖ11
1512 340 1550 404 61

248 515 342 579 ἄλλοι.
377 516 410 578 τδ
432 515 465 578 δέ
487 519 536 578 νῦν
550 513 620 600 ἔχον
642 513 738 599 ἔθηκα
753 515 827 600 ἐρεῖν
850 515 916 598 περί
930 538 961 577 τε
983 514 1137 598 εὐμουσίας
1153 514 1250 577 αὐτῶν
1272 514 1321 577 καὶ
1336 511 1501 579 εὐπειθείας

248 620 298 680 καῖ
324 622 378 701 τῆς
404 617 435 687 ἐς
460 618 496 681 τὰ
522 618 683 701 μαθήματα
708 616 854 693 εὐκολίας,
881 618 999 702 χαλεπά
1026 617 1134 699 ὁμοίως
1157 614 1225 679 ὄντα
1247 617 1295 678 καῖ
1317 616 1467 700 ἀνθρώπῳ
1496 610 1500 698 ί

248 724 348 805 τυχεῖν
371 718 477 799 αὐτῶν,
500 721 541 803 μή
564 743 589 782 τι
610 723 686 801 γοῦν,
700 719 829 804 τοσούτῳ
852 719 946 804 θηρίῳ
969 721 1017 783 καῖ
1036 720 1113 782 ούτω
1135 718 1209 788 τέως
1231 720 1401 803 ἀγριωτάτῳ
1423 733 1553 801 γε-ενῖσε

248 821 362 885 νέσθαι.
406 822 522 906 χορείαν
544 822 598 905 γάρ
621 822 669 885 καί
691 822 868 906 ὀρχηστικὴν
894 823 942 885 καῖ
970 821 1073 908 βαίνειν
1101 822 1173 905 πρὸς
1195 822 1305 906 ’ρυθμδν
1328 822 1376 884 καὶ
1397 821 1503 884 αὐλου-
1582 865 1586 874 -

219 924 356 1008 τεμένους
378 924 492 987 ἀκούειν
515 925 563 987 καῖ
586 925 709 988 συνιέναι
730 923 814 1009 ήχων
841 923 979 1008 διαφορὰς
1002 924 1020 1008 ἣ
1044 924 1190 1009 βραδύνειν
1218 923 1386 987 ἐνδιδόντων
1413 925 1432 1008 ἢ
1456 949 1502 988 τα·

248 1028 347 1113 χύνειν
370 1029 600 1110 παρορμώντων,
627 1027 731 1110 μαθὼν
754 1026 828 1090 οἶδεν
850 1026 970 1111 ἐλέφας,
996 1027 1045 1089 καὶ
1067 1027 1181 1112 ἀκριβοῖ
1203 1028 1251 1090 καὶ
1273 1026 1306 1090 οὐ
1331 1027 1500 1111 σφαλλεται.

250 1131 344 1199 ούτως
370 1129 427 1213 ἄρα
454 1131 473 1213 ή
501 1129 586 1213 φύσις
614 1129 730 1214 μεγέθει
758 1129 809 1213 μὲν
837 1128 924 1192 αὐτόν
953 1129 1085 1212 μέγιστον
1114 1130 1283 1214 εἰργάσατο,
1315 1130 1442 1213 μαθήσει
1469 1131 1501 1193 δὲ

251 1231 414 1316 πραύτατον
436 1231 568 1317 ἀπέφηνε
589 1233 637 1295 καὶ
652 1231 810 1314 εὐάγωγον.
844 1231 870 1293 εί
893 1232 944 1314 μὲν
960 1229 1010 1295 σύν
1032 1229 1153 1314 ἔμελλον
1177 1232 1227 1314 τἠν
1247 1232 1276 1295 ἐν
1289 1230 1386 1301 Ἰνδοῖς
1407 1233 1503 1296 αὐτῶν

249 1335 417 1398 εὐπείθειαν
438 1336 487 1397 καῖ
509 1333 651 1417 εὐμαθίαν
674 1333 693 1416 ἢ
716 1334 768 1417 τήν
791 1333 820 1396 ἐν
837 1332 976 1417 Αἰθιοπίᾳ
998 1334 1018 1418 ἢ
1040 1334 1092 1416 ’τήν
1115 1335 1145 1397 ἐν
1161 1334 1256 1419 Λιβύη
1278 1335 1407 1419 γράφειν,
1431 1334 1502 1406 ἴσως

207 1453 236 1497 ιο
250 1439 299 1501 καῖ
322 1437 415 1519 μῦθον
438 1435 558 1500 ἐδόκουν
581 1435 643 1499 τινὰ
666 1438 837 1520 συμπλάσας
858 1438 1031 1519 κομπάζειν,
1058 1435 1119 1500 εἶτα
1146 1436 1194 1499 ἐπὶ
1216 1438 1302 1521 φήμη
1326 1442 1376 1500 τοῦ
1399 1440 1502 1522 θηρίου

250 1545 304 1623 τῆς
326 1538 443 1622 φύσεως
464 1539 710 1625 καταψεύδεσθαι·
746 1540 816 1624 ὅπερ
839 1538 930 1623 ἐχρῆν
953 1540 1022 1623 δρᾶν
1044 1542 1258 1624 φιλοσοφοῦντα
1284 1537 1374 1622 ἀνδρα
1399 1543 1504 1626 ήκιστα

252 1642 301 1706 καί
328 1641 468 1725 ἀληθείας
492 1642 616 1726 ἐραστὴν
644 1643 791 1726 διάπυρον.
836 1641 855 1705 ἃ
877 1642 909 1705 δέ
930 1641 1017 1711 αὐτὸς
1039 1641 1114 1706 εῖδον
1136 1643 1184 1705 καῖ
1207 1641 1289 1704 ἅτινα
1311 1641 1449 1728 πρότερον
1471 1645 1502 1707 ἐν

251 1748 290 1827 τῇ
308 1741 415 1828 Ῥώμη
437 1743 606 1828 πραχθέντα
628 1745 790 1829 ἀνέγραψαν
812 1743 895 1807 άλλοι
910 1743 1085 1829 προειλόμην
1108 1744 1207 1819 εἰπεῖν,
1230 1743 1399 1845 ἐπιδραμὼν
1421 1746 1503 1829 ὐλίγα
1592 1805 1595 1810 .
1677 1822 1681 1830 ⁴

252 1847 286 1910 ἐκ
301 1850 427 1922 πολλῶν,
450 1847 508 1932 οὐχ
526 1848 632 1930 ήκιστα
650 1847 698 1910 καῖ
713 1846 846 1909 ἐντεῦθεν
862 1847 1031 1916 ἀποδεικνὺς
1047 1848 1098 1929 τἠν
1113 1851 1171 1909 τῶν
1188 1846 1272 1931 ζῴων
1291 1847 1428 1932 ἰδιότητα.

208 1967 237 2010 ισ
315 1950 470 2034 ήμερωθέν
485 1948 592 2034 ἐλέφας
613 1947 773 2034 πραότατόν
789 1951 849 2012 ἐστι
871 1951 918 2013 καῖ
934 1949 1032 2033 ἄγεται
1056 1951 1148 2035 ρᾷστα
1169 1951 1211 2018 είς
1233 1949 1306 2019 ότις
1328 1949 1417 2014 θέλει.
1454 1952 1503 2015 καὶ

252 2053 288 2115 τά
301 2075 334 2134 γε
356 2052 537 2138 πρεσβύτατα
552 2057 643 2136 τιμῶν
665 2054 714 2115 τὸν
736 2050 841 2136 χρόνον
863 2053 922 2136 ἐρῶ
945 2057 1068 2137 πρῶτον.
1106 2052 1176 2122 θέας
1199 2052 1328 2116 ἐπετέλει
1345 2049 1503 2137 Ῥωμαίοις

253 2158 269 2218 ό
292 2152 406 2239 Καῖσαρ
431 2153 619 2239 Γερμανικός·
652 2153 699 2239 εἴη
722 2153 748 2218 δ’
770 2154 804 2218 ἀν
827 2155 999 2240 ἀδελφιδοῦς
1020 2153 1152 2241 Τιβερίου
1180 2153 1273 2224 οὖτος.
1317 2154 1421 2219 οὐκοῦν
1444 2155 1504 2239 ἐγέ-

251 2281 332 2320 νοντο
356 2259 407 2342 μέν
430 2260 478 2321 καί
499 2257 615 2342 ἄρρενες
637 2258 667 2320 ἐν
689 2261 726 2340 τῇ
749 2254 857 2341 Ῥώμη
884 2257 987 2320 τέλειοι
1014 2258 1129 2328 πλείους
1156 2258 1205 2320 καῖ
1232 2258 1362 2342 θήλειαι,
1389 2257 1451 2322 εἶτα
1474 2258 1503 2328 ἐξ

252 2360 348 2424 αὐτῶν
381 2360 546 2446 ἐτέχθησαν
579 2360 749 2442 αὐθιγενεῖς.
801 2361 848 2423 καὶ
882 2358 931 2424 ύτε
960 2360 995 2424 τά
1024 2363 1107 2424 κῶλα
1136 2359 1299 2444 ύπήρξαντο
1329 2362 1503 2446 πήγνυσθαι,

211 2479 241 2523 20
257 2465 347 2549 σοφδς
369 2463 442 2546 ἀνὴρ
465 2464 574 2547 ὁμιλεῖν
600 2464 737 2533 τοιούτοις
759 2463 870 2549 θηρίοις
892 2463 1055 2527 ἐπύλευσεν
1078 2463 1196 2540 αὐτούς,
1225 2465 1359 2548 δαιμονία
1380 2465 1434 2528 τινὶ
1455 2466 1503 2528 καὶ

256 2569 434 2649 ἐκπληκτική
463 2567 632 2650 διδασκαλίαι
659 2568 941 2651 μεταχειρισάμενος.
985 2571 1113 2651 προσῆγε
1140 2566 1173 2629 δέ
1194 2565 1299 2636 αὐτοὺς
1321 2565 1378 2651 ἀρα
1400 2569 1502 2651 ἡσυχῇ

254 2673 350 2754 τήνγε
372 2671 489 2755 πρώτην
512 2669 561 2732 καὶ
582 2669 682 2753 πράως
705 2672 764 2737 τοῖς
786 2669 949 2750 διδάγμασι,
971 2668 1092 2732 δελέατα
1106 2668 1178 2732 ἀττα
1193 2669 1309 2753 ἐπάγων
1331 2669 1379 2733 καῖ
1397 2668 1504 2754 τροφὰς

254 2773 374 2856 ἡδίστας
395 2772 443 2835 καῖ
465 2771 687 2855 πεποικιλμένας
708 2771 749 2840 εἰς
770 2773 803 2834 τὸ
825 2771 939 2854 ἀγωγόν
956 2773 1057 2835 τεκαὶ
1079 2771 1213 2856 ἐφολκόν,
1236 2775 1277 2841 ὡς
1297 2770 1330 2835 εί
1343 2795 1370 2834 τι
1393 2773 1444 2853 μὲν
1467 2771 1503 2856 ἧν

253 2874 443 2959 (ἀγριότητος,
469 2879 554 2938 τοῦτο
576 2874 718 2960 ἐκβαλεῖν,
740 2876 982 2958 ἀπαυτομολήσαι
1002 2875 1035 2938 δὲ
1056 2876 1128 2959 πρὸς
1149 2875 1181 2938 τδ
1203 2859 1315 2960 τήμερονΙ
1335 2875 1382 2938 καί
1405 2875 1502 2955 ἁμωσ-

209 2979 348 3061 εογέπως
376 2979 568 3063 ἀνθρώπειον.
617 2980 665 3041 καὶ
691 2976 728 3061 ἦν
754 2976 799 3061 γε>
824 2977 861 3039 τὰ
888 2977 1049 3061 μαθήματα
1076 2978 1124 3040 καῖ
1149 2976 1247 3041 αὐλῶν
1277 2977 1433 3046 ἀκούοντας
1461 2977 1502 3060 μὴ

254 3082 442 3167 ἐκμαίνεσθαι
464 3081 512 3144 καὶ
527 3080 682 3161 τυμπάνων
699 3081 809 3166 ἀράβου
824 3084 993 3164 κροτοῦντος
1008 3080 1049 3163 μὴ
1065 3082 1261 3163 ταράσσεσθαι
1284 3082 1332 3144 καί
1349 3079 1504 3165 κηλεῖσθαι

252 3185 378 3270 σύριγγι,
404 3182 501 3268 φέρειν
527 3182 560 3245 δέ
583 3183 632 3246 καῖ
658 3182 753 3268 ήχους
778 3184 912 3266 ἐμμελεῖς
933 3183 981 3245 καῖ
1003 3186 1101 3247 ποδῶν
1124 3183 1317 3270 ἐμβαινόντων
1339 3181 1433 3269 ψόφον
1455 3183 1503 3245 καῖ

253 3286 334 3373 ᾠδὴν
357 3290 496 3369 συμμιγῆ.
540 3284 758 3368 ἐξεπονήθησαν
781 3285 883 3349 δὲκαὶ
905 3285 1070 3369 ἀνθρώπων
1092 3287 1207 3370 πλῆθος
1229 3287 1270 3370 μή
1293 3287 1425 3350 δεδιέναι.

324 3388 418 3473 (111)
451 3384 488 3453 Οί
510 3385 591 3450 Ἰνδοί
618 3386 726 3450 τέλειον
754 3387 805 3470 μὲν
832 3387 976 3472 ἐλέφαντα
1002 3389 1156 3474 συλλαβεῖν
1185 3391 1290 3474 ῥαδίως
1316 3391 1501 3454 ἀδυνατοῦσιν

195 3593 232 3646 29
256 3594 279 3647 οῖ
295 3590 378 3659 Ίνδοῖ]
399 3592 432 3646 οῖ.
450 3592 509 3647 Δεῖ.
520 3597 575 3645 not.
587 3592 667 3645 onim.
679 3592 714 3646 IV
727 3591 761 3644 24
779 3595 815 3661 (p.
827 3591 988 3659 eolo-32
1005 3595 1110 3660 Horch.)

198 3783 211 3836 l
233 3781 318 3854 ῖθηεα
334 3783 357 3836 D
375 3784 444 3838 Aol.:
463 3783 533 3837 ῖοικα
549 3783 691 3838 Schneider
781 3782 906 3853 θίμοῖως
922 3785 957 3837 D:
976 3784 1045 3856 ὅμως
1062 3787 1133 3839 Δελι
1152 3784 1206 3841 “od
1223 3790 1293 3857 (post
1310 3789 1346 3852 ἐς)
1364 3787 1463 3841 doloom
1481 3788 1556 3841 itom-

195 3888 249 3941 quo
266 3869 358 3941 όμως”
376 3872 489 3926 Horchor
605 3870 622 3924 3
646 3870 731 3924 αὐτῶν
749 3873 771 3925 Ι)
790 3873 859 3927 Δελε
884 3873 980 3927 dolovit
998 3874 1111 3927 Hor'ohor
1233 3875 1288 3929 3.4
1309 3874 1423 3944 γενέσθαι
1440 3877 1476 3929 D:
1500 3892 1556 3946 συγ-

195 3956 312 4029 γενέσθαι
330 3959 388 4012 Δεῖ.
510 3958 600 4029 βαίνειν
618 3959 687 4012 Aeo:
713 3960 833 4029 μένεινΙ)
950 3960 1005 4014 4.5
1027 3960 1233 4031 αὐλουμένουςΙ)
1252 3964 1323 4016 Ael.:
1348 3963 1425 4017 αὐλοῦ
1444 3965 1557 4032 ἀσμένως

196 4045 310 4100 Horohor
449 4046 465 4098 7
490 4045 562 4115 φύσις
579 4046 624 4114 μέν
643 4045 743 4117 μεγέθει
762 4045 837 4100 αὐτὸν
856 4049 971 4118 μέγιστον
989 4048 1117 4119 εἰργάσατο
1136 4055 1182 4102 out
1199 4047 1269 4119 φύσις
1287 4052 1332 4120 μὲν
1349 4050 1424 4105 αὐτὸν
1442 4053 1556 4121 μέγιστον

194 4134 327 4205 εἰργάσατο
345 4135 469 4204 proponit
487 4134 600 4186 Horchor
722 4133 830 4206 μαθήσει
848 4136 869 4188 D
888 4136 958 4189 Δεῖι
984 4134 1093 4207 μάθησις
1110 4138 1207 4191 Jooobs
1324 4139 1340 4191 8
1364 4138 1466 4208 ῖμιλλον
1485 4139 1556 4191 Δεῖε

196 4222 349 4291 άμῖλλουῖ)
461 4221 477 4273 9
502 4219 623 4290 εὐμαθίαν
641 4222 677 4274 D:
702 4221 834 4292 εὐμάθειαν
851 4222 908 4276 Δεῖ.
1019 4223 1079 4283 ίσως
1096 4225 1126 4277 ἀν
1144 4245 1181 4294 τῳ
1200 4225 1257 4278 Δεῖ.
1372 4227 1403 4278 14
1427 4232 1472 4279 τοῦ
1490 4226 1556 4296 ζῴου

196 4310 311 4365 Horohor
391 4309 423 4363 15
440 4307 572 4382 ήμερωθέν
590 4310 613 4364 D
631 4311 700 4364 Aol.:
724 4308 864 4381 ήμερωθεῖς
882 4310 1035 4365 Schneider:
1058 4315 1136 4365 immo
1155 4311 1245 4382 ἐλέφας
1263 4312 1400 4367 delendum
1418 4314 1522 4367 videtur

195 4399 338 4468 πραότατόν
356 4399 379 4451 D
398 4397 469 4452 Δελι
494 4397 634 4468 πραότατος
652 4399 725 4451 molit
741 4399 855 4453 Horohor
966 4398 1034 4458 ὅτις
1053 4400 1122 4453 Δελε
1149 4398 1217 4460 ὅτίς
1234 4401 1269 4455 D:
1295 4399 1371 4466 ό<τῖ>
1388 4421 1426 4460 τις
1444 4402 1557 4455 Ιῖετεῖιετ

199 4484 231 4538 16
253 4493 355 4559 πρῶτον
375 4486 444 4540 Aoo:
468 4486 608 4558 πρῶτοςῖ)
700 4486 810 4539 ἐπετέλει
829 4487 897 4540 Aoo:
923 4485 1068 4540 ἐπετίλειῖ)
1165 4488 1195 4539 17
1220 4485 1407 4559 δΓερμανικδς
1424 4487 1437 4541 δ
1457 4484 1556 4561 Καῖσαρ

196 4573 253 4626 Δεῖ.
351 4573 383 4627 λθ
408 4574 453 4642 μέν
471 4575 493 4627 D
510 4573 580 4627 Δελε
602 4568 655 4626 om.
671 4573 785 4627 Heroher
876 4572 1018 4644 θήλειαςῖ)
1114 4574 1147 4627 ⁴23
1172 4575 1272 4646 ἀγωγὸν
1290 4577 1312 4629 Ι)
1332 4576 1401 4629 Aoo:
1426 4576 1556 4645 ἐπαγωγὸν

197 4660 310 4715 Ηετεῖνοε
442 4660 477 4715 24
500 4661 722 4732 ἀγριότητος-ἠν
738 4680 766 4731 γε
785 4660 840 4726 (25)
858 4661 948 4715 addidi
965 4678 998 4715 ex
1016 4662 1073 4716 Δεῖ.
1208 4663 1414 4733 άπαυτομολῆσαι
1432 4666 1556 4719 Heroher:

196 4747 399 4820 ἐπαυτομολήσαι
416 4747 474 4802 Δεῖ.
584 4748 617 4802 26
643 4750 779 4817 τυμπάνων
798 4749 868 4802 Aah:
892 4751 1053 4820 τυμπάνῳῖ)
1164 4750 1329 4822 ταράττεσθαι
1347 4753 1404 4805 Δεῖ.
1510 4771 1556 4822 κη·

195 4834 290 4890 λεῖσθαι
306 4837 377 4890 Aoo:
396 4833 563 4889 καλεῖσθαιῖ)
662 4836 694 4888 27
714 4835 829 4906 ἐμμελεῖς
845 4838 867 4890 D
886 4838 957 4890 Δελι
975 4837 1088 4907 ἐκμελεῖς
1103 4839 1200 4892 Jacobs
1301 4839 1469 4908 ἐμβαινόντων
1484 4840 1555 4894 Aoo:

197 4924 405 4996 ἐιβαινόντωνῖ)
525 4920 558 4976 29
584 4925 607 4978 οῖ
623 4921 690 4978 ’ῖνδοῖ
708 4925 778 4979 Aeo:
805 4923 925 4979 θῖνδοῖῖ)
