3510 5610
211 303 252 383 72
364 320 613 377 ARISTOPHANIS
632 312 818 379 mssosisi
840 323 1032 381 ipsissimis
1050 327 1199 382 Emissis
1217 329 1241 383 11
1261 324 1409 383 144-152

264 491 309 554 ίνα
336 495 491 581 ταχύτερον
517 497 654 583 ἐπιτύχη.
698 499 770 585 πρός
791 500 824 562 δὲ
845 499 896 569 τάς
918 499 1017 570 πόλεις
1038 496 1172 587 ἔρχονται
1194 504 1221 565 οἱ
1242 502 1358 572 λέοντες
1377 503 1445 568 ύταν
1467 503 1512 587 γε’·

265 616 368 659 νωνται
395 597 539 683 γέροντες,
568 600 615 663 ίνα
644 602 710 671 τοὺς
739 602 914 686 ἀνθρώπους
942 606 1101 680 διώκωσιν,
1131 605 1336 675 ἀδυνατοῦντες
1362 606 1510 691 θιμεύειν.

262 698 375 781 λέγεται
403 701 435 764 δὲ
464 701 529 765 κατ’
552 703 642 767 αύτοδ
671 707 712 773 ώς
740 705 784 768 ότι
814 706 936 789 μαλιστα
964 707 997 769 τὸ
1026 710 1083 790 τδρ
1112 707 1291 792 φοβούμενος
1319 708 1428 792 φεύγει.

204 848 209 855 ·
260 799 354 884 (145)
374 801 436 867 ἔστι
457 805 489 867 δὲ
510 809 568 868 τών
589 805 713 869 λεόντων
734 807 804 892 γένη
827 807 889 882 δύο,
911 810 952 871 ών
975 809 991 872 6
1013 809 1065 890 μὲν
1088 812 1336 894 στρογγυλώτερος
1357 812 1405 875 καὶ
1428 811 1510 875 οὐλο-

232 908 433 990 οτριχώτερος
454 906 547 976 δειλός
568 907 654 981 ἐστιν,
681 912 697 974 6
719 910 752 972 δὲ
775 906 884 993 μακρθς
906 912 954 973 καὶ
975 909 1073 994 εύθριΕ
1095 912 1234 996 ἀνδρεῖος.
1330 913 1424 996 (146)
1451 919 1509 977 τών

259 1007 291 1069 δὲ
318 1009 487 1093 δηχθέντων
514 1010 570 1073 ύπθ
597 1010 712 1080 λέοντος
739 1013 766 1074 οἱ
794 1012 942 1096 ἐπίδεσμοι
968 1013 1142 1097 πλυνόμενοι
1169 1013 1308 1078 ούδέποτε
1335 1015 1432 1079 ἀνιᾶσι
1459 1017 1508 1079 τδν

259 1109 364 1194 ἰχῶρα.
445 1113 537 1196 (141)
558 1111 619 1178 ἔστι
641 1115 673 1177 δὲ
694 1116 815 1178 καὶτῶν
839 1114 952 1180 ἀνόσων
975 1113 1062 1202 ίιβων
1085 1117 1101 1180 6
1124 1117 1208 1180 λε’ων.
1287 1116 1381 1199 (148)
1402 1123 1510 1202 χρᾶται

257 1212 290 1274 δὲ
311 1217 350 1296 τῇ
373 1215 479 1299 βρώσει
501 1217 616 1301 λάβρως
638 1218 715 1280 ὥστε
736 1216 790 1280 ὅλα
812 1219 975 1282 καταπίνειν
998 1219 1087 1303 μέλη·
1115 1219 1177 1284 εἶτα
1200 1220 1247 1283 διά
1268 1221 1320 1303 τὴν
1344 1218 1509 1304 λαβρότητα

258 1311 334 1378 ἔστιν
357 1315 404 1380 ὅτε
426 1319 466 1402 μὴ
489 1321 590 1403 φαγών
613 1320 751 1382 διαλείπει
767 1320 878 1404 ἡμέρας
901 1325 984 1404 τρεῖς.
1022 1319 1084 1385 ἔστι
1106 1323 1209 1386 δὲκαὶ
1231 1326 1288 1384 τῶν
1312 1323 1509 1403 δλιγοποτούν·

217 1431 243 1476 10
255 1442 326 1481 των·
365 1421 409 1483 διδ
440 1422 487 1485 καὶ
516 1422 549 1484 τὸ
579 1423 746 1506 περίττωμα
774 1422 903 1506 προΐεται
932 1422 979 1486 διὰ
1008 1424 1104 1508 τρίτης
1133 1424 1245 1507 ἡμέρας
1274 1423 1507 1508 ἐσφαιρωμένον·

256 1522 385 1606 προίεται
407 1525 502 1588 δὲκαὶ
525 1529 619 1609 φῦσαν
634 1527 763 1609 δριμεῖαν
786 1527 834 1588 καὶ
850 1523 935 1609 οὖρον
958 1526 1052 1608 δσμην
1068 1524 1137 1611 ἔχον
1153 1527 1277 1608 σαπράν.
1355 1527 1448 1610 (149)
1471 1529 1510 1610 γί-

255 1647 349 1687 νονται
371 1627 447 1689 δὲοὶ
470 1630 598 1691 πλεῖστοι
621 1632 679 1690 τών
701 1627 826 1691 λεόντων
843 1627 948 1712 μεταξὺ
971 1631 1020 1690 τοῖν
1038 1627 1153 1692 Νέσσου
1176 1630 1225 1691 κοιλ
1243 1625 1401 1714 Ἀχελῴου
1423 1652 1512 1691 ποτα-

256 1731 322 1808 μού.
407 1730 501 1812 (150)
527 1731 588 1814 βιοῖ
607 1731 639 1793 δὲ
663 1729 718 1794 ὅσα
740 1731 788 1794 καὶ
811 1733 827 1794 6
851 1730 927 1794 κύων
951 1735 1008 1802 ἰών
1031 1729 1082 1814 ἔτη
1106 1732 1265 1794 δεκαοκτώ.

340 1832 433 1916 (151)
463 1830 498 1897 Ὁ
525 1833 600 1896 λε’ων
628 1833 853 1915 ἐκπεπταμένως
883 1832 969 1917 μόνος
996 1834 1119 1896 τίκτεται
1148 1839 1208 1901 τοῖς
1237 1832 1410 1917 ὀφθαλμοῖς.
1459 1834 1508 1897 καὶ

216 1947 242 1991 15
254 1934 406 1998 καθεύδων
429 1940 503 1998 κινεῖ
522 1937 574 2019 τἠν
597 1934 684 2020 ούράν
706 1938 755 1999 καὶ
777 1935 977 2021 ἀνεῳγμένους
999 1934 1063 2020 ἔχει
1085 1935 1152 2004 τοὺς
1174 1935 1354 2018 ὀφθαλμούς.
1392 1934 1454 1998 ἔστι
1475 1936 1510 1998 δὲ

255 2036 405 2122 ῥωμαλέος
432 2040 480 2101 καὶ
508 2036 633 2107 συνετός.
682 2038 718 2114 τά
747 2037 797 2102 ούν
825 2040 977 2124 ἡμίβρωτα
1005 2038 1076 2121 κρέα
1105 2037 1138 2100 ού
1169 2039 1321 2122 φυλάττει,
1351 2039 1426 2101 ἀλλά
1457 2043 1509 2100 τοῦ

254 2140 404 2224 ἄσθματος
426 2145 590 2226 περιχανὼν
614 2141 782 2225 ἐμπιμπληῖ,
808 2141 844 2204 τά
870 2142 903 2204 δὲ
924 2139 999 2205 ἀλλα
1022 2144 1088 2226 [qia
1110 2142 1218 2224 ἥκοντα
1238 2142 1287 2204 καὶ
1309 2141 1508 2224 αἰσθανόμενα

255 2242 289 2307 ού
312 2245 406 2328 τολμᾷ
428 2245 645 2329 προσάψασθαι.
689 2244 733 2306 διδ
756 2244 782 2306 εί
805 2244 845 2327 μη
868 2243 993 2327 εὐθηρία
1015 2245 1124 2326 γένοιτο
1145 2242 1240 2327 αὐτῷ,
1267 2245 1309 2311 ώς
1331 2244 1378 2306 ἐπὶ
1401 2243 1507 2306 οἰκεῖον

254 2345 441 2431 θησαύρισμα
463 2347 655 2430 παραγίνεται.
694 2344 761 2408 όταν
784 2346 817 2409 δὲ
839 2346 1045 2429 ὑπερπλησθῇ,
1068 2351 1149 2408 κενοῖ
1168 2345 1269 2408 ἑαυτὸν
1293 2345 1400 2430 ἀσιτία·
1431 2345 1508 2408 ἀλλά

211 2464 240 2510 ου
253 2451 301 2514 καὶ
323 2451 446 2534 πίθηκον
469 2451 570 2533 φαγὼν
594 2453 724 2511 κενοϋται
747 2450 797 2532 τἠν
819 2447 946 2531 γαστέρα
967 2452 1029 2516 ταῖς
1051 2446 1163 2510 ἐκείνου
1185 2447 1315 2516 λαπάξας
1337 2447 1426 2532 σαρξί.

337 2552 430 2635 (152)
464 2552 488 2616 Γ
489 2553 600 2636 ηράσας
628 2552 660 2614 δὲ
690 2550 765 2614 λε’ων
793 2550 869 2613 οἶδεν
897 2550 1046 2619 ἀδυνάτως
1072 2546 1151 2634 ἔχειν
1179 2551 1251 2634 πρός
1280 2551 1389 2634 θήρας,
1418 2551 1446 2612 οἱ
1474 2551 1509 2614 δὲ

253 2657 373 2739 σκύμνοι
402 2654 491 2738 αὐτοῦ
524 2653 691 2737 ἀγρεύοντες
726 2651 852 2716 διδόασιν
884 2651 965 2737 αὐτῷ
996 2654 1107 2736 φαγεῖν.
1158 2653 1174 2714 6
1206 2655 1239 2716 δὲ
1268 2654 1357 2718 σαίνει
1389 2654 1438 2715 καὶ
1467 2676 1503 2736 τη

254 2763 374 2843 γλώσση
397 2760 445 2823 καὶ
467 2763 526 2827 τοῖς
548 2757 640 2832 ποσίν,
664 2758 762 2840 ὥσπερ
786 2756 910 2818 ἐπαινῶν
934 2757 986 2839 τὴν
1009 2755 1104 2840 θήραν
1125 2755 1232 2818 αὐτῶν.

199 2966 215 3016 4
240 2964 302 3033 ἔστι]
322 2965 403 3017 Arist.
417 2963 477 3016 hist.
490 2963 569 3014 anim.
584 2959 593 3015 Ι
607 2947 641 3014 44
662 2979 687 3030 p.
701 2961 809 3014 629b33
832 2962 891 3031 γένη
913 2958 932 3013 δ’
948 2961 1000 3013 ἐστὶ
1022 2959 1131 3012 λεόντων
1154 2960 1210 3014 δύο·
1235 2960 1332 3014 τούτων
1353 2959 1372 3012 δ’
1388 2960 1440 3012 ἐστὶ
1461 2958 1490 3012 τδ
1512 2960 1559 3028 μέν

199 3052 415 3123 στρογγυλώττρον
433 3052 476 3103 καὶ
495 3049 706 3119 σύλοτριχώτερον
725 3048 873 3118 δειλότερον,
895 3048 923 3100 τὸ
942 3048 967 3100 δὲ
986 3047 1141 3117 μακρότερον
1159 3051 1202 3102 καὶ
1220 3047 1366 3119 εθθύτριχον
1384 3046 1560 3118 ἀνδρειότερον.

200 3141 232 3195 ci.
245 3139 501 3193 A01.nat.anim.1v
513 3137 546 3190 34
562 3138 599 3204 (p.
609 3135 652 3200 95,
660 3134 690 3186 16
705 3136 807 3199 Herch.)
910 3135 935 3187 5.
945 3135 960 3187 6
978 3141 1029 3187 τών
1042 3134 1068 3187 δέ
1080 3133 1238 3206 δηχθέντων]
1254 3138 1332 3189 Arist.
1343 3136 1403 3187 hist.
1413 3135 1492 3186 anim.
1503 3131 1513 3186 1
1523 3134 1559 3187 44

159 3232 163 3243 '
198 3244 225 3296 p.
237 3226 327 3281 63025
351 3225 396 3279 ὅσα
414 3225 433 3278 δ’
450 3226 480 3278 ἀν
498 3225 563 3294 δάκη
583 3222 598 3292 ἀγ
617 3229 668 3281 τοῖς
686 3221 766 3282 ὄνυξιν
786 3222 900 3293 ἑλκώση,
920 3224 949 3275 ἐκ
967 3229 1019 3275 τών
1037 3221 1120 3275 ἐλκών
1138 3224 1228 3294 ίχώρες
1247 3223 1342 3295 ῥέουσιν
1362 3223 1442 3292 ώχρολ
1461 3223 1558 3291 σφόδρα

198 3317 243 3368 καὶ
261 3315 355 3367 ἐκτῶν
374 3313 512 3381 ἐπιδέσμων
530 3312 574 3364 καὶ
586 3310 700 3379 σπόγγων
719 3307 758 3362 ὑπ’
774 3309 873 3369 οὐδενός
891 3310 1019 3379 δυνάμενοι
1038 3309 1202 3371 ἐκκλύζεσθαι
1309 3311 1324 3362 ’ί
1342 3309 1454 3379 ἀνόσων]
1472 3311 1557 3377 ignoti

198 3403 312 3456 auctoris
412 3399 513 3472 χρᾶται]
533 3401 613 3452 Arist.
623 3399 683 3450 hist.
694 3398 772 3450 anim.
783 3394 830 3450 05
848 3414 873 3465 p.
884 3384 993 3450 594117
1012 3396 1026 3450 6
1043 3397 1068 3449 δὲ
1081 3396 1146 3450 λέων
1159 3399 1316 3469 σαρκοφάγον
1328 3399 1374 3462 μέν
1386 3399 1460 3462 ἐστιν,
1473 3395 1558 3466 ὥσπερ

198 3491 242 3543 καλ
260 3489 338 3542 τᾶλλα
351 3487 396 3542 όσα
415 3488 486 3558 ἄγρια
505 3489 548 3539 καλ
566 3485 762 3556 καρχαρόδοντα,
780 3489 814 3555 τη]
832 3484 857 3537 δὲ
871 3485 962 3555 βρώσει
980 3491 1071 3556 χρῆται
1089 3484 1197 3554 λάβρως,
1216 3485 1259 3537 καλ
1272 3486 1400 3537 καταπίνει
1418 3483 1498 3536 πολλὰ
1511 3481 1558 3535 όλα

197 3578 227 3632 ού
246 3578 356 3649 διαιρῶν,
374 3572 418 3628 εἷθ’
433 3575 527 3644 ἡμέρας
546 3573 590 3626 δύο
609 3592 625 3644 η
644 3580 708 3642 τρεῖς
726 3573 815 3626 ἀσιτεῖ·
840 3571 940 3625 δύναται
958 3573 1004 3642 γὰρ
1021 3571 1062 3624 διὰ
1079 3571 1109 3624 τό
1128 3571 1352 3643 ύπερπληρυῡσθαι.
1386 3570 1516 3640 όλιγόπτον
1534 3568 1555 3622 δ’

198 3667 271 3719 ἐστίν.
304 3664 334 3718 τό
357 3663 384 3716 δὲ
407 3662 551 3733 περίττωμα
575 3661 684 3730 προίεται
708 3662 830 3719 σπανίως·
854 3660 894 3713 διά
916 3662 1000 3731 τρίτης
1022 3660 1069 3730 γάρ
1091 3659 1107 3730 ἡ
1129 3658 1198 3718 ὅπως
1220 3659 1249 3711 ἀν
1267 3658 1333 3728 τύχη
1352 3664 1490 3729 προχωρεῖ,
1514 3658 1557 3710 καλ

196 3758 271 3807 τοῦτο
290 3751 363 3824 ξηρόν
381 3751 424 3803 καλ
443 3748 634 3817 ἐξικμασμένον,
658 3746 742 3816 ὅμοιον
766 3750 829 3801 κυνί.
863 3749 974 3818 προίεται
996 3746 1022 3800 δέ
1044 3748 1088 3800 καὶ
1109 3748 1156 3817 τὴν
1175 3752 1256 3816 φῦσαν
1274 3746 1369 3815 σφόδρα
1387 3745 1496 3817 δριμεῖαν
1514 3745 1558 3797 καὶ

196 3841 226 3895 τὸ
245 3840 318 3912 ούρον
336 3840 395 3910 ἐχον
413 3837 494 3907 όσμην
601 3836 641 3888 11.
656 3834 687 3888 12
705 3836 823 3905 γίνονται]
843 3837 923 3888 Arist.
937 3835 998 3887 hist.
1011 3835 1091 3887 anim.
1105 3833 1127 3897 Z
1141 3834 1171 3886 31
1193 3850 1218 3901 p.
1232 3833 1324 3887 519ῢό
1346 3835 1446 3886 σπάνιον
1464 3833 1510 3901 γάρ
1528 3831 1558 3885 τδ

197 3931 266 3999 γένος
283 3927 311 3980 τδ
329 3932 382 3979 τών
399 3923 575 3977 λεόντων-ἐστὶ
594 3923 637 3975 καὶ
655 3922 702 3975 ούκ
721 3925 747 3976 ἐν
764 3923 852 3994 πολλῷ
870 3924 961 3992 γίνεται
979 3922 1059 3990 τόπῳ,
1077 3920 1141 3974 ἀλλά
1158 3925 1204 3991 τῆς
1217 3917 1343 3990 Εύρώπης
1359 3919 1457 3989 ἁπάσης
1474 3920 1500 3972 ἐν
1518 3923 1557 3989 τιγῑ
1617 3952 1623 3967 .

197 4014 289 4085 μεταξύ
304 4019 349 4067 τού
364 4011 488 4083 Ἀχελῴου
506 4012 549 4063 καὶ
565 4015 610 4063 τού
623 4008 720 4064 Νέσσου
733 4016 847 4080 ποταμοῦ
866 4010 898 4063 ci.
915 4010 1009 4063 Herod.
1020 4010 1067 4062 VH
1081 4007 1129 4060 126
1224 4009 1256 4061 13
1275 4007 1334 4077 βιοῖ]
1349 4008 1429 4060 Arist.
1442 4003 1557 4059 1.c.144

197 4121 223 4173 p.
235 4101 345 4156 629b30
363 4101 407 4171 ἔτη
426 4099 452 4153 δέ
471 4100 533 4161 ζῶσι
551 4098 631 4151 πολλά
730 4099 761 4150 14
780 4097 793 4149 6
811 4096 887 4165 λέων]
908 4097 963 4149 ΑεΙ.
974 4101 1027 4148 nst.
1038 4097 1116 4148 anim.
1128 4096 1150 4149 V
1161 4094 1195 4147 39
1213 4094 1558 4163 (p.1·26,·23—2411ereh.)

199 4191 283 4244 1615
302 4189 345 4242 καλ
362 4185 506 4254 καθεύδων]
526 4187 582 4239 Asl.
598 4185 616 4239 l.
629 4202 651 4238 e.
664 4185 687 4237 V
698 4183 731 4236 39
750 4184 898 4252 (ρ.126,26
917 4183 1018 4247 Horeb.)
1038 4181 1161 4252 ἐφύλαξαν
1179 4184 1205 4235 δέ
1222 4182 1293 4235 ἄλλοι
1311 4183 1354 4234 καὶ
1370 4179 1502 4233 καθεύδων
1519 4180 1558 4234 ότι

197 4286 259 4332 κινεῖ
276 4279 322 4348 τὴν
341 4276 414 4346 ούράν
534 4274 565 4327 15
589 4273 652 4338 ἔστι]
671 4271 728 4324 sel.
746 4271 762 4322 l.
776 4287 797 4323 c.
812 4271 834 4324 V
847 4268 881 4323 39
899 4270 1029 4338 (p.127,6
1050 4270 1151 4335 Πετεώ.)
1176 4270 1227 4322 ἔστι
1245 4268 1271 4321 δέ
1290 4269 1350 4338 πρός
1368 4272 1399 4339 τῇ
1419 4267 1494 4339 ῥώμη
1513 4268 1557 4320 καὶ

197 4365 295 4425 συνετὸς
313 4364 327 4418 ό
345 4364 410 4417 λέων
548 4361 579 4413 16
601 4360 632 4412 τά
651 4358 693 4412 ούν
712 4357 854 4428 ἡμίβρωτα]
874 4359 931 4411 Asi.
950 4358 966 4409 l.
982 4375 1003 4411 τ.
1017 4356 1085 4411 v39
1105 4360 1140 4425 (p.
1156 4356 1213 4422 127,
1224 4356 1333 4409 13-28
1354 4356 1456 4419 Horeb.)

197 4455 228 4508 21
249 4453 369 4524 γηράσας]
388 4451 446 4503 sel.
463 4448 593 4502 l.e.1x1
614 4450 650 4515 (p.
663 4444 891 4513 217,18-218,6
911 4446 1014 4509 Ilerch.)

196 4576 437 4586 ---.....‚..-——..
446 4575 477 4581 -
479 4574 541 4580 .......
544 4574 597 4579 -—

198 4643 214 4697 5
237 4614 331 4712 εύθρίξ]
350 4641 428 4692 immo
448 4635 563 4708 εύθύθριξ
670 4638 685 4689 6
709 4635 855 4704 πλυνόμενοι
873 4638 978 4705 scripsi:
1002 4635 1181 4704 πλατυνόμενοι
1199 4636 1221 4688 lJ
1328 4636 1343 4687 ’ί
1367 4641 1458 4705 χρᾶται
1476 4635 1515 4688 sic
1533 4636 1556 4688 D

197 4728 375 4799 θλαύρωςθ
475 4725 659 4795 λαυρότηταΙ)
761 4725 792 4776 10
815 4725 1001 4794 ἐσφαιρωμένον
1020 4723 1126 4789 scripsi:
1151 4723 1368 4793 ἐσρυρωμένονθ
1470 4723 1500 4775 12
1518 4724 1557 4776 νέ·

198 4833 241 4869 σου
259 4816 280 4868 1)
372 4815 403 4866 14
422 4813 616 4880 ἐκπεπταμένως
632 4813 700 4865 Aes:
721 4812 907 4880 ἐκπεπταμένος
925 4813 946 4864 1)
1034 4811 1064 4862 16
1084 4811 1226 4882 βωμαλαῐος
1242 4813 1264 4864 Ι)
1353 4811 1382 4862 19
1402 4817 1470 4863 κενοῖ
1486 4812 1555 4864 Aoi:

199 4904 314 4974 κυμοῖθ
423 4902 453 4952 21
480 4898 600 4971 θῆραςθ
624 4900 656 4954 ci.
675 4899 778 4970 piis
