3510 5610
378 354 631 409 ARISTOPHANIS
651 353 835 408 HISTORIAE
854 355 1046 409 ANIMALIUM
1064 354 1213 409 EPITOME
1233 356 1246 409 I
1264 356 1376 410 66-68
1513 354 1554 419 19

251 530 351 611 ψυχῆς
374 526 491 612 μετέχει
511 526 532 610 ἢ
555 524 599 589 οῦ.
636 528 686 591 καί
701 547 788 612 φησιν
812 529 852 595 (ῦς
874 527 1028 609 ἀναγκαῖον
1050 527 1141 611 αὐτῆς
1162 526 1305 612 μετέχειν,
1328 526 1446 611 μετέχει
1467 525 1500 588 δὲ
1513 532 1547 589 28

250 627 285 690 οῦ
315 632 366 691 τοῦ
397 633 497 713 νοεροῦ
528 629 604 693 ἀλλὰ
634 628 719 714 μόνον
747 632 798 692 τοῦ
826 629 990 712 θρεπτικοῦ.
1041 634 1093 713 ζῆν
1118 630 1173 713 γὰρ
1200 629 1263 693 κατ’
1286 629 1380 716 ἀρχὰς
1406 628 1436 691 ἐν
1463 633 1541 710 τηου

251 731 348 815 μήτρα
373 732 410 794 τὰ
437 730 548 818 ἔμβρυα
573 736 664 817 φυτοῦ
692 732 752 817 βίον
778 729 884 817 ἔχοντα
910 733 958 797 καὶ
986 733 1116 818 χρᾶσθαι
1142 733 1275 816 καθάπερ
1302 732 1337 795 τὰ
1363 732 1438 816 φυτὰ
1461 738 1499 815 ιη’

249 838 299 916 γῇ.
344 839 386 904 ὡς
407 835 460 918 γὰρ
483 835 580 897 ἐκεῖνα
602 839 664 902 ταῖς
686 835 775 918 ῥίζαις
797 834 874 897 ἕλκει
896 835 930 898 ἐκ
950 840 1003 919 τῆς
1028 841 1081 920 γῆς
1104 836 1155 920 τὴν
1183 836 1306 920 τροφήν,
1334 835 1425 903 οῦτως
1453 836 1500 898 καὶ

223 935 283 998 στδ
306 934 430 1022 ἔμβρυον
454 938 519 1023 ρίζη
541 939 693 1022 χρώμενον
716 940 759 1020 τῷ
782 936 909 1022 ὀμφαλῷ
933 937 966 1001 ἐκ
983 943 1035 1022 τῆς
1058 940 1170 1022 μήτρας
1191 938 1243 1020 τὴν
1266 937 1355 1020 ὁλκὴν
1378 941 1501 1000 ποιεῖται
1513 921 1546 1002 θθ

250 1045 303 1124 τῆς
337 1045 456 1125 τροφῆς.
506 1038 684 1122 αὐξανόμενα
717 1039 750 1102 δὲ
781 1045 824 1125 τῷ
854 1038 964 1133 χρῦνιρΙ
987 1041 1022 1103 τὰ
1051 1038 1177 1126 ἔμβρυα,
1209 1041 1258 1104 ότε
1287 1040 1322 1122 δὴ
1354 1039 1502 1124 συμβαίνει

250 1142 381 1206 άσᾶσθαι
407 1143 455 1206 καὶ
482 1144 535 1226 τὴν
562 1140 702 1227 ἔχουσαν,
729 1141 795 1205 τότε
820 1143 869 1205 καὶ
895 1147 946 1206 τοῦ
973 1147 1073 1227 νοεροῦ
1101 1142 1205 1227 μέρους
1229 1147 1282 1225 τῆς
1309 1147 1406 1227 ψυχῆς
1431 1163 1502 1224 συμ-

251 1245 341 1330 βαίνει
364 1249 534 1331 μετασχεῖν·
563 1243 612 1307 ότε
635 1245 672 1328 δὴ
695 1245 742 1308 καὶ
765 1248 843 1330 ζιγῦον
865 1244 900 1308 ἂν
921 1246 1038 1314 δικαίως
1058 1246 1180 1328 λέγοιτο,
1204 1242 1263 1308 ἀλλ’
1285 1244 1338 1308 οὐκ
1360 1243 1499 1330 ἔμβρυον·

250 1349 407 1434 ἐνυπάρχει
433 1349 486 1432 γὰρ
513 1347 543 1410 ἐν
565 1351 609 1432 τῷ
632 1347 877 1432 καταβαλλομένην
903 1349 1045 1432 σπέρματι
1071 1354 1123 1432 τῆς
1148 1353 1247 1433 ψυχῆς
1267 1372 1329 1411 τινα
1355 1347 1455 1431 μόρια,
1481 1347 1527 1410 ἂσ

199 1465 256 1510 ι12ι
267 1457 348 1516 ποιεῖ
367 1449 482 1534 γόνιμον
505 1450 576 1513 αδτδ
598 1449 680 1525 εἶναι,
703 1450 753 1513 ἐὰν
777 1452 882 1539 μήτις
904 1453 1034 1535 πήρωσις
1060 1448 1064 1537 1
1091 1450 1172 1537 αὐτοῦ
1196 1451 1434 1535 ἐπακολουθήση.

213 1571 238 1615 11
251 1555 323 1639 (61)
349 1554 490 1618 τοῦτοδὲ
511 1551 710 1638 τούνυπάρχον
732 1552 794 1617 ἐστὶ
816 1553 848 1618 τδ
871 1553 1023 1637 λεγόμενον
1047 1556 1166 1628 ζωτικὸν
1189 1553 1308 1637 θερμόν,
1330 1555 1346 1618 θ
1369 1558 1425 1637 πῦρ
1449 1554 1500 1635 μὲν

251 1658 304 1722 οῦκ
333 1655 424 1721 ἔστιν·
458 1657 492 1720 οῦ
519 1654 574 1739 γάρ
604 1657 722 1718 δυνατὸν
750 1661 807 1740 πῦρ
833 1662 967 1740 γεννῆσαι
994 1655 1122 1721 τοιοῦτόν
1149 1681 1176 1720 τι
1207 1662 1299 1741 ζῷον,
1330 1660 1439 1739 μᾶλλον
1469 1657 1501 1719 δὲ

251 1762 379 1846 φθεῖραι.
422 1759 507 1844 φῦσιν
529 1758 562 1821 δέ
583 1781 646 1821 τινα
668 1759 822 1844 ὑπολαβεῖν
845 1761 891 1822 δεῖ
910 1760 1021 1843 θερμοῦ
1044 1761 1216 1844 ἐνυπάρχειν
1238 1760 1268 1822 ἐν
1291 1762 1335 1844 τῷ
1358 1760 1500 1843 σπέρματι
1514 1775 1541 1817 ιο

251 1866 447 1947 ἀναλογοῦσαν
472 1867 533 1930 τοῖς
554 1866 613 1924 τῦνν
636 1859 749 1944 άστρων
776 1862 824 1925 καὶ
845 1866 897 1925 τοῦ
919 1863 1001 1945 ἡλίου
1024 1863 1191 1948 στοιχείοις,
1218 1862 1318 1945 ἐπειδὴ
1342 1864 1361 1947 ἡ
1385 1863 1500 1925 ἐκείνων

211 1984 239 2029 ισ
251 1967 398 2052 θερμότης
419 1967 448 2029 ἐν
473 1965 550 2048 αῦτη
573 1962 684 2049 ἔχουσα
708 1965 831 2047 ζωτικὴν
853 1988 915 2027 τινα
936 1964 1054 2049 δῦναμιν
1077 1965 1125 2028 οία
1146 1963 1178 2028 τέ
1199 1965 1260 2029 ἐστι
1282 1970 1444 2049 ζωογονεῖν.

250 2069 323 2153 (68)
345 2070 409 2154 περὶ
431 2068 464 2131 δὲ
486 2072 538 2152 τῆς
559 2067 732 2152 αἰσθητικῆς
753 2072 804 2130 τοῦ
827 2066 953 2153 ἐμβρῦου
975 2069 1125 2150 δυνάμεως
1145 2066 1190 2131 ότι
1213 2069 1264 2152 μὲν
1287 2065 1395 2138 ἔξωθεν
1417 2069 1500 2155 αὐτῷ

199 2328 211 2379 1
239 2325 283 2378 καί
300 2323 386 2396 φησιν]
406 2325 485 2377 Arist.
498 2338 585 2392 gener.
598 2323 677 2374 anim.
690 2318 742 2375 B3
761 2340 786 2391 p.
799 2323 906 2377 736235
933 2322 970 2377 ότι
993 2324 1037 2392 μέν
1060 2322 1102 2377 οῦν
1125 2323 1171 2394 τὴν
1193 2320 1329 2394 θρεπτικὴν
1354 2322 1438 2396 έχουσι
1461 2325 1554 2397 ψυχὴν,

198 2413 311 2483 φανερόν.
349 2411 458 2465 736¹›27
482 2411 590 2463 λείπεται
608 2408 634 2462 δέ
652 2409 694 2462 τόν
712 2415 769 2462 νοῦν
787 2411 862 2478 μόνον
879 2408 987 2482 θῦραθεν
1009 2411 1137 2464 ἐπεισιέναι
1261 2411 1276 2463 2
1301 2410 1357 2481 ζῆν]
1375 2413 1455 2465 Arist
1468 2429 1555 2481 gener.

197 2502 277 2554 anim.
290 2497 341 2553 133
358 2515 383 2568 p.
394 2496 502 2551 736b12
521 2503 621 2569 πρῶτον
639 2498 684 2565 μέν
702 2499 748 2568 γὰρ
767 2497 856 2550 ἅπαντ’
872 2498 938 2551 έοικε
957 2499 1001 2569 ζῆν
1018 2500 1169 2552 τὰτοιαῦτα
1187 2504 1266 2570 φυτοῦ
1286 2499 1345 2568 βίον.
1374 2499 1407 2552 σί.
1420 2501 1451 2553 de
1470 2515 1553 2554 somn.

196 2592 222 2640 et
240 2586 344 2657 vigil.3
361 2602 387 2655 p.
399 2585 509 2639 457·20
640 2584 656 2637 3
681 2586 724 2637 καὶ
745 2584 863 2655 χρᾶσθαι]
882 2587 962 2638 Arist.
976 2604 1061 2656 gener.
1075 2588 1154 2641 anim.
1166 2584 1218 2640 Β4
1240 2605 1265 2657 p.
1279 2586 1386 2640 740225
1410 2593 1501 2659 χρῆται
1519 2592 1553 2659 τη

197 2674 289 2745 ῦστέρᾳ
306 2675 351 2726 καὶ
368 2675 400 2743 τῇ
420 2671 511 2743 έχοῦση
531 2671 614 2744 ὥσπερ
633 2676 666 2744 γη
684 2674 761 2743 φυτόν
779 2678 823 2726 τοῦ
841 2673 973 2743 λαμβάνειν
990 2675 1099 2745 τροφὴν,
1120 2673 1168 2733 έως
1186 2675 1215 2727 άν
1233 2671 1346 2745 τελεωθῄ
1366 2674 1427 2746 πρὸς
1445 2676 1474 2728 τὸ
1493 2675 1554 2728 εῖναι

197 2763 246 2834 ὴδη
265 2762 331 2832 ζῷον
349 2761 449 2829 δυνάμει
466 2761 621 2830 πορευτικόν.
649 2759 686 2813 διὸ
700 2761 734 2815 ,ἐκ
752 2766 798 2831 τῆς
810 2761 912 2833 καρδίας
929 2762 974 2821 τὰς
992 2760 1035 2814 δῦο
1054 2761 1146 2832 φλέβας
1164 2769 1264 2833 πρῶτον
1281 2763 1297 2832 ὴ
1316 2761 1387 2832 φῦσις
1405 2762 1554 2833 ὑπέγραψεν,

196 2850 247 2902 ἀπὸ
270 2849 297 2902 δέ
318 2847 416 2902 τοῦτων
439 2847 527 2918 φλέβια
550 2848 692 2919 ἀπήρτηται
714 2848 775 2920 πρὸς
795 2850 842 2919 τὴν
863 2848 966 2921 ὑστέραν
985 2848 999 2903 δ
1016 2848 1170 2918 καλοῦμενος
1189 2849 1302 2920 ὀμφαλός
1315 2885 1322 2898 .
1336 2885 1343 2898 .
1357 2884 1363 2897 ·
1377 2850 1402 2902 αἱ
1421 2849 1447 2902 δέ
1465 2849 1554 2920 φλέβες

196 2937 248 2990 οἷον
270 2936 335 3008 βίζαι
356 2936 418 3006 πρὸς
440 2937 486 3006 τὴν
509 2934 612 3006 ῦστέραν
634 2938 781 2989 συνάπτουσι
804 2935 835 2989 δι’
851 2936 888 2989 ὧν
911 2937 1032 3006 λαμβάνει
1053 2937 1084 2990 τδ
1107 2936 1192 3008 κίνημα
1215 2938 1261 3007 τὴν
1280 2937 1383 3007 τροφὴν.
1415 2937 1447 2990 cf.
1466 2954 1555 3007 gener.

196 3026 275 3079 anim.
288 3021 312 3076 Β
326 3023 342 3075 7
360 3040 386 3092 p.
399 3022 507 3076 745b24
649 3023 664 3075 6
688 3023 853 3093 αὐξανόμενα]
877 3024 909 3077 cf.
927 3026 1006 3078 Arist.
1020 3041 1106 3094 gener.
1119 3027 1198 3078 anim.
1212 3021 1234 3077 B
1249 3023 1265 3077 3
1282 3040 1308 3093 p.
1322 3023 1431 3077 7361213

196 3113 213 3165 9
238 3109 381 3182 ἐνυπάρχει]
400 3112 480 3164 Arist.
493 3126 579 3180 gener.
593 3111 672 3163 anim.
685 3107 737 3163 B3
756 3128 781 3180 p.
795 3111 903 3165 7361>ssss
926 3114 1026 3166 πάντων
1044 3113 1089 3181 μέν
1106 3113 1152 3183 γὰρ
1171 3113 1196 3165 έν
1215 3116 1252 3182 τῷ
1271 3113 1392 3183 σπέρματι
1414 3113 1553 3183 ἐνυπάρχει,

195 3199 256 3271 ὅπερ
274 3205 340 3251 ποιεῖ
356 3196 443 3267 γόνιμα
461 3196 569 3250 εἶναιτὰ
588 3200 726 3267 σπέρματα,
744 3198 773 3251 τὸ
791 3197 944 3268 καλούμενον
962 3197 1055 3270 θερμόν
1152 3201 1181 3253 11
1201 3204 1276 3253 τοῦτο
1295 3199 1333 3269 δε]
1351 3200 1415 3253 ibid.
1426 3199 1459 3253 35
1478 3204 1553 3252 τοῦτο

195 3286 216 3340 δ’
231 3286 260 3339 οδ
279 3291 328 3354 πῦρ
346 3284 403 3338 σίνδέ
421 3284 524 3355 τοιαῦτη
543 3284 644 3355 δῦναμίς
661 3287 734 3351 έστιν,
752 3285 815 3340 ἀλλὰ
833 3288 862 3340 τὸ
881 3287 1154 3359 ἐμπεριλαμβανόμενον
1172 3289 1198 3341 έν
1214 3291 1251 3357 τῷ
1270 3289 1391 3358 σπέρματι
1410 3289 1453 3340 καὶ
1471 3287 1496 3339 ἐν
1514 3290 1552 3357 τῷ

195 3373 307 3446 ἀφρῶδει
327 3377 424 3441 πνεῦμα
445 3372 488 3425 καὶ
505 3373 522 3442 ὴ
540 3373 565 3425 έν
582 3380 621 3443 τῷ
639 3372 759 3441 πνεύματι
777 3373 861 3444 φῦσις,
883 3374 929 3427 ἀνὰ
947 3371 1020 3444 λόγον
1039 3375 1099 3428 οῦσα
1116 3379 1153 3445 τῷ
1171 3383 1223 3429 τῶν
1241 3376 1339 3446 ἄστρων
1359 3376 1481 3445 στοιχείῳ.
1513 3374 1552 3428 διδ

195 3468 245 3535 πῦρ
263 3464 309 3531 μέν
323 3461 396 3514 οῦθέν
408 3463 480 3530 γεννᾷ
492 3461 565 3531 ζῷον,
583 3459 640 3513 σῦδέ
655 3462 766 3531 φαίνεται
780 3463 953 3531 συνιστάμενον
969 3465 1130 3532 περουμένοις
1148 3460 1202 3515 οὔτ’
1216 3463 1241 3515 έν
1260 3462 1341 3533 ὑγροῖς
1359 3460 1413 3515 οὔτ’
1427 3465 1452 3516 ἐν
1471 3461 1554 3535 ξηροῖς

195 3550 284 3605 οῦθέν·
309 3550 325 3620 ὴ
343 3549 370 3602 δὲ
388 3553 432 3601 τοῦ
450 3548 521 3618 ἡλίου
539 3544 664 3619 θερμότης
681 3549 725 3601 καὶ
743 3549 759 3619 ὴ
776 3555 827 3602 τῶν
846 3550 920 3621 ζῴων
937 3550 965 3603 οῦ
985 3551 1060 3619 μόνον
1072 3550 1088 3620 ὴ
1102 3550 1141 3602 διὰ
1158 3553 1203 3602 τοῦ
1221 3551 1369 3622 σπέρματος,
1387 3549 1451 3601 ἀλλὰ
1469 3550 1517 3601 κᾶν
1528 3567 1553 3602 τι

193 3640 340 3709 περίττωμα
357 3635 423 3708 τῦχη
440 3641 486 3706 τῆς
504 3634 603 3706 φῦσεως
624 3635 651 3688 δν
670 3636 764 3708 ἕτερον,
787 3635 856 3706 ὅμως
878 3638 930 3709 ίχει
951 3640 995 3691 καί
1016 3642 1090 3690 τοῦτο
1108 3638 1219 3707 ζωτικὴν
1237 3637 1330 3707 ἀρχὴν·
1356 3636 1455 3704 ὅτιμὲν
1474 3637 1551 3707 οῦνὴ

196 3727 222 3779 έν
239 3731 291 3784 τοῖς
309 3725 383 3795 ζῴοις
400 3722 525 3795 θερμότης
543 3721 600 3776 οῦτε
618 3728 666 3794 πῦρ
685 3721 742 3777 οῦτε
760 3723 808 3777 ἀπὸ
826 3725 901 3797 πυρὸς
923 3726 975 3797 ἔχει
993 3726 1039 3795 τὴν
1058 3725 1151 3796 ἀρχὴν,
1174 3725 1204 3777 έκ
1222 3732 1274 3778 τῶν
1292 3722 1412 3776 τοιοῦτων
1437 3724 1488 3776 έστὶ
1506 3744 1553 3794 φα-

196 3814 267 3883 νερόν
382 3811 412 3863 16
435 3812 491 3881 περὶ
509 3810 535 3863 δέ
552 3815 598 3881 τῆς
616 3809 775 3882 αἰσθητικῆς]
798 3814 906 3867 dubium
925 3818 964 3867 est
981 3830 1044 3866 num
1062 3815 1104 3866 hic
1123 3814 1194 3866 locus
1213 3812 1300 3865 referri
1318 3811 1403 3878 possit
1421 3811 1453 3863 ad
1473 3811 1552 3864 Arist.

196 3917 284 3969 gener.
296 3901 377 3953 anim.
388 3896 441 3951 133
463 3915 489 3967 p.
502 3898 609 3952 736·35
634 3898 671 3952 ότι
693 3901 738 3968 μέν
760 3899 803 3953 οῦν
823 3901 870 3971 τὴν
892 3900 1029 3971 θρεπτικὴν
1048 3900 1133 3970 έχουσι
1152 3900 1249 3970 ψυχὴν,
1274 3899 1378 3968 φανερόν
1397 3896 1439 3962 (δι’
1454 3896 1468 3950 ό
1485 3917 1509 3950 τι
1527 3897 1553 3951 δέ

195 3987 291 4057 ταύτην
314 3993 414 4057 πρῶτον
437 3986 570 4056 ἀναγκαῖόν
593 3987 644 4039 έστι
666 3986 763 4056 λαβεῖν,
786 3989 816 4041 έκ
839 3995 890 4041 τῶν
912 3988 967 4059 περὶ
990 3987 1073 4060 ψυχῆς
1091 3988 1259 4058 διωρισμένων
1278 3986 1303 4038 έν
1322 3984 1405 4044 ἄλλοις
1423 3984 1552 4057 φανερόν)·

198 4077 317 4147 προϊόντα
335 4075 362 4127 δέ
380 4076 424 4127 καὶ
441 4075 487 4144 τὴν
505 4071 663 4145 αἰσθητικὴν,
680 4072 737 4128 καθ’
752 4075 784 4146 ὴν
802 4076 867 4145 ζῷον

200 4299 211 4350 1
236 4297 322 4369 ψυχῆς
340 4298 439 4368 μετέχει
456 4296 473 4369 ὴ
492 4295 521 4350 οῦ
540 4297 657 4368 Sauppe:
682 4298 752 4369 ψυχὴ
771 4299 869 4368 μετέχει
886 4303 929 4351 νοῦ
946 4300 966 4353 Ρ
1093 4300 1172 4371 αῦτῆς
1189 4299 1306 4368 Sauppe:
1331 4296 1393 4350 αότό
1412 4298 1432 4350 Ρ

197 4384 308 4454 θρόνον
323 4385 402 4451 (1)Ρ;
420 4386 505 4456 μόνως
522 4388 627 4440 exhibet
639 4387 708 4439 Rose
797 4386 841 4456 ζῆν
858 4388 939 4440 Rose:
958 4387 1025 4456 ζηΡ
1114 4386 1302 4459 3χρᾱσθαιΡε
1321 4383 1431 4457 χρῆσθαι
1448 4385 1552 4455 Sauppe

196 4490 214 4542 4
238 4491 322 4543 ἐκεῖνα
338 4491 421 4544 Rose:
445 4490 524 4543 έκεῖνο
542 4491 562 4544 Ρ
687 4489 755 4542 έλκει
772 4490 853 4544 Rosa:
878 4489 947 4543 έλκοι
964 4490 984 4543 Ρ

199 4593 214 4645 ’1
237 4592 344 4648 όσᾶσθαι
364 4594 408 4647 καὶ
430 4594 476 4665 τὴν
497 4594 603 4665 έχουσαν
624 4595 653 4659 (i.
665 4611 687 4647 ο.
700 4595 855 4663 gravidam),
876 4595 932 4648 τότε
954 4594 1070 4664 Sauppe:
1098 4594 1216 4664 όσᾶσθαι,
1239 4598 1282 4650 καὶ
1303 4598 1350 4669 τὴν
1370 4598 1475 4669 ἔχουσαν
1496 4595 1552 4649 τότε

197 4682 266 4736 Ροεε
404 4687 451 4752 τῖγς
472 4681 556 4753 ὴωχης
573 4683 606 4735 P:
631 4682 715 4754 ψυχὴν
731 4683 801 4735 Rose
939 4682 956 4734 8
980 4690 1111 4752 μετασχεῖν
1128 4683 1245 4754 Sauppe:
1269 4685 1331 4738 αὐτὸ
1349 4685 1414 4755 ἔχειν
1431 4685 1465 4738 P:
1488 4683 1553 4737 αῦτὰ

198 4768 262 4839 ίχειν
279 4771 348 4823 Rosa
463 4771 496 4823 10
518 4770 588 4841 αότῷ
606 4767 798 4840 έπακολουθὴση
816 4771 896 4823 Roso:
920 4769 991 4823 αότόι
1010 4769 1245 4841 έπακολουθὴσειΡ
1359 4773 1388 4826 11
1415 4773 1551 4842 τδόνυπάρ-

198 4875 243 4927 χον
261 4859 299 4911 εἰσ
316 4858 336 4911 Ρ
455 4858 506 4911 ἐστὶ
523 4861 588 4924 (non
606 4857 652 4922 ίτι)
670 4859 690 4911 Ρ
809 4858 841 4910 12
865 4857 891 4911 δέ
909 4859 998 4912 omisit
1014 4859 1083 4912 Rose
1205 4860 1237 4914 15
1261 4860 1327 4933 αῦτη·
1343 4862 1425 4914 Rose:
1447 4859 1511 4930 αότῇ
1529 4859 1550 4911 Ρ

202 4945 232 4997 16
255 4945 326 5017 αῦτηῖ
344 4946 424 4999 Βκνεει
450 4945 548 4999 αίιτδΡ

1305 5035 1351 5100 2*
