3510 5610
646 251 855 309 SOLUTIONES
873 253 920 307 AD
939 251 1119 308 CHOSROEM
1515 254 1556 321 81

253 431 325 491 tuor
350 428 437 511 quasi
465 426 579 511 primas
606 428 805 493 reducuntur.
854 429 966 493 harum
992 448 1115 512 quoque
1145 427 1388 494 differentiarum
1414 396 1503 512 qdat·

253 537 325 593 tuor
346 552 401 595 sex
423 530 549 613 quidem
572 538 646 595 sunt
668 532 893 616 copulationes3
917 552 1025 594 uerum
1048 538 1164 611 tamen,
1188 533 1335 616 quoniam
1351 531 1504 596 contraria

256 652 318 696 uon
334 633 415 697 inest
431 633 614 698 naturaliter
637 635 792 720 coniungi,
813 633 924 698 merite
944 633 1135 717 spernendae
1157 641 1231 699 sunt
1245 636 1335 700 duae.
1369 635 1503 700 calidum

256 735 339 799 enim
362 743 393 800 et
416 736 562 820 frigidum
585 759 650 802 esse
673 738 704 801 id
727 738 843 822 ipsum,
871 744 902 800 et
924 736 1038 800 iterum
1059 736 1222 801 humidum
1246 744 1277 802 et
1298 738 1420 802 aridum
1446 737 1503 801 im·

226 838 409 922 spossibile.
453 839 560 924 itaque
593 841 819 905 elementorum
852 845 999 923 quattuor
1032 839 1233 904 existentium
1259 848 1405 925 quattuor
1431 844 1504 904 sunt

254 941 478 1025 copulationem
502 943 601 1006 calide
624 944 738 1027 quippe
761 950 793 1006 ct
814 941 893 1006 sicco
916 942 1101 1006 facientibus
1122 941 1236 1025 ignem,
1259 943 1358 1008 calido
1385 964 1458 1008 ιιοιο
1473 950 1506 1031 et

253 1044 380 1108 humide
414 1066 502 1124 aera,
535 1045 593 1109 etsi
621 1045 748 1129 quidam
775 1066 848 1109 eum
875 1044 1020 1128 frigidum
1054 1049 1085 1108 et
1106 1045 1269 1109 humidum
1303 1068 1368 1111 esse
1399 1046 1505 1110 dicant

251 1167 373 1211 sursum
395 1147 504 1231 gelatis
526 1147 739 1228 attendentes,
767 1155 798 1211 et
820 1147 932 1212 iterum
955 1145 1064 1230 frigido
1087 1152 1119 1210 et
1140 1147 1266 1211 humido
1290 1149 1504 1213 constituenti·

256 1248 313 1311 bus
339 1270 466 1333 aquam,
493 1250 537 1314 sic
563 1250 674 1314 deinde
700 1256 814 1314 terram
840 1248 926 1314 arido
955 1256 987 1313 et
1018 1249 1141 1332 frigidm
1175 1251 1327 1334 facileque
1360 1251 1504 1316 distribui

213 1366 240 1410 ιο
253 1353 360 1435 primis
382 1352 560 1436 corporibus
582 1353 839 1431 differentias,et
825 1352 924 1416 tmul
928 1351 1095 1417 titudinem
1117 1373 1224 1416 aarum
1247 1374 1311 1417 essc
1332 1355 1502 1419 secundum
1547 1421 1551 1427 ,

226 1462 302 1520 'rat
303 1457 405 1520 ionem
428 1457 460 1520 in
483 1455 554 1519 illis.
599 1456 786 1520 herumt
732 1462 786 1520 aut
788 1477 838 1520 cm
861 1457 1013 1539 quaedam
1036 1463 1086 1520 act
1087 1456 1140 1520 ius
1158 1463 1240 1535 sunt,
1264 1457 1376 1521 utdict
1363 1463 1431 1521 tum
1447 1465 1502 1536 est,

255 1558 326 1640 duo,
350 1559 483 1623 calidum
507 1566 540 1622 et
560 1557 719 1642 frigidum,
753 1559 876 1642 passiua
905 1578 979 1622 uero
1002 1558 1166 1623 humidum
1188 1567 1220 1623 et
1242 1559 1412 1624 aridum:'
1404 1581 1436 1623 m
1459 1561 1503 1625 cis

252 1662 336 1726 enim
368 1661 543 1726 actiucrum
575 1661 676 1725 uirtus
709 1661 848 1745 genitiua
874 1661 1116 1745 compositorum
1143 1667 1198 1726 cst.
1243 1662 1348 1726 actius
1378 1663 1505 1747 quidem

251 1763 432 1848 accipienda
453 1786 515 1828 non
539 1785 618 1848 quae
641 1785 695 1848 per
724 1764 941 1829 excellentiam
968 1786 1091 1828 summa
1118 1765 1271 1829 suntsed
1298 1787 1377 1850 quae
1404 1767 1502 1831 ueluti

212 1868 403 1933 15immixta.
448 1889 549 1951 neque
572 1868 655 1933 enim
679 1866 846 1931 caliditatis
868 1867 1052 1931 excellentia
1074 1874 1106 1931 et
1123 1867 1226 1932 feruor
1241 1875 1276 1932 ut
1290 1868 1379 1952 ignis,
1402 1889 1503 1951 neque

251 1971 428 2054 frigiditatis
450 1970 634 2036 excellentia
655 1970 737 2035 sicut
758 1971 791 2034 in
813 1971 941 2054 humido
964 1970 1075 2055 glacies
1098 1971 1263 2055 perficiunt
1277 1972 1316 2037 ad
1331 1973 1502 2056 generatio·

250 2176 294 2240 sic
316 2177 393 2241 nihil
420 2198 457 2241 ex
483 2177 581 2261 glacie
607 2177 705 2256 nasci3
739 2199 840 2262 neque
873 2199 911 2242 ex
944 2178 1015 2261 igne
1037 2199 1113 2262 puro
1140 2184 1172 2242 et
1197 2198 1328 2242 summo.
1373 2183 1502 2261 apparet

251 2280 357 2363 itaque
380 2280 521 2344 caliditas
544 2288 576 2344 et
597 2279 746 2362 frigiditas
768 2281 971 2345 terminantes
994 2286 1026 2344 et
1048 2280 1228 2365 copulantes
1251 2285 1282 2343 et
1304 2279 1396 2344 adse
1418 2280 1501 2364 ipsas

209 2383 469 2446 atransserentes
492 2388 523 2446 et
544 2382 659 2446 similia
681 2403 792 2466 genere
815 2389 846 2447 et
866 2404 978 2467 genere
1000 2382 1176 2462 dissimilia,
1199 2388 1231 2447 et
1251 2383 1446 2446 humefacere
1470 2391 1502 2447 et

251 2487 403 2550 arefacere
426 2490 458 2548 et
480 2484 625 2549 indurare
649 2490 680 2548 et
701 2485 896 2549 mellificare:
919 2485 1006 2549 arida
1028 2506 1101 2550 uere
1124 2491 1155 2549 et
1176 2485 1305 2549 humida
1326 2485 1425 2567 magis
1440 2492 1499 2549 ter·

251 2589 372 2653 minata
398 2593 430 2652 et
452 2587 604 2671 patientia
630 2588 807 2672 passionum
833 2609 1012 2673 perunum
1040 2587 1198 2672 quodque3
1232 2589 1309 2653 bene
1335 2587 1418 2651 enim
1444 2588 1500 2652 dif-

197 2898 213 2951 2
241 2899 352 2951 Aristot.
371 2896 492 2950 330·30:
520 2897 573 2949 ἐπεὶ
591 2895 617 2948 δὲ
636 2895 743 2969 τέτταρα
765 2897 797 2949 τὰ
815 2903 938 2970 στοιχεῖα,
959 2903 1012 2949 τιῖιν
1034 2894 1061 2950 δὲ
1078 2898 1206 2969 τεττάρων
1228 2894 1255 2956 ἓξ
1274 2895 1299 2948 αἱ
1317 2894 1451 2960 συέῦξεις
1474 2896 1506 2949 τὰ
1524 2895 1549 2948 δ’
1612 2926 1618 2938 ·

196 2984 343 3038 ἐναντίοισι)
366 2985 464 3055 πέφυκε
483 2982 720 3050 συνδυάζεσθαι(
681 2983 785 3056 (ρμὸν
803 2984 850 3056 γὰρ
868 2985 911 3037 aul
934 2984 1030 3058 ψυχρὸν
1054 2983 1162 3036 εἶναιτὸ
1149 2981 1242 3037 δδαῦτ
1229 2983 1317 3036 δδιια
1299 2983 1398 3035 ludin
1385 2982 1477 3053 νξηρδ
1478 3004 1491 3035 ν
1509 2984 1552 3035 aul

197 3072 272 3146 δχρὸν
289 3072 431 3138 ἀδύνατον),
412 3070 558 3143 )ραντρὸν
577 3069 615 3124 ὅτι
632 3072 747 3143 τέτταρες
765 3070 864 3125 ἔσονται
883 3073 907 3124 αἱ
925 3079 978 3124 τῶν
996 3071 1126 3145 στοιχείων
1144 3069 1274 3133 συζιδξιις
1292 3070 1387 3141 θερμοῦ
1405 3073 1449 3124 καὶ
1467 3069 1552 3144 ξηροῦ,

196 3162 240 3214 aad
257 3160 353 3233 θερμοῦ
371 3159 516 3232 ιιαὶυχροῦ,
536 3159 580 3211 aad
598 3157 672 3211 πάλιν
691 3158 791 3264 ψυχροῦ
810 3158 956 3231 ιιαὶυγροῦ,
975 3161 1018 3212 καὶ
1037 3159 1135 3232 ψυχροῦ
1154 3160 1300 3229 ιιαῑζηροῦ.
1328 3156 1552 3229 ιιαὶηιιολοῦδηιιε

197 3248 263 3301 κατὰ
281 3247 355 3318 λόχον
372 3254 425 3307 τοῖς
443 3246 531 3304 ἁπλοῖς
509 3246 706 3316 ῖιραινομένοις
719 3245 826 3312 σώμασι,
843 3248 902 3319 πυρὶ
919 3249 963 3300 οιαὶ
981 3248 1034 3320 ἀέρι
1052 3248 1096 3300 καὶ
1114 3244 1185 3299 ὕδατι
1202 3248 1245 3300 καὶ
1263 3250 1308 3321 γη·
1326 3246 1355 3299 τὸ
1374 3248 1419 3312 μὲν
1438 3246 1484 3316 γὰρ
1502 3250 1551 3318 πῦρ

194 3333 289 3408 διρμδν
307 3338 352 3390 καὶ
370 3334 458 3409 ξηρόν,
481 3333 495 3387 δ
514 3333 540 3387 dl
559 3333 607 3403 ἀὴρ
625 3331 719 3405 δερμδν
739 3335 783 3386 οιαὶ
805 3333 880 3440 δηρόν
904 3334 966 3402 (οἷον
985 3336 1057 3404 ἀτμὶς
1075 3335 1121 3407 γὰρ
1140 3333 1154 3387 δ
1172 3332 1284 3406 ἀηρ),τ
1286 3332 1431 3405 δδόδοιρ
1454 3332 1551 3441 ψυχρὸν

195 3425 240 3477 καὶ
258 3423 346 3496 ῦχρόν,
363 3422 380 3491 ἡ
399 3421 425 3475 δὲ
444 3427 476 3492 γῆ
495 3420 592 3492 ψυχρὸν
610 3422 654 3473 ιιαὶ
672 3420 806 3492 ξηρόν·”
788 3421 851 3474 ωστ’
873 3421 982 3491 ιῦλόχως
1000 3420 1158 3491 διανέμεσθαι
1175 3421 1221 3478 τὰς
1238 3419 1357 3492 διαφορὰς
1374 3428 1425 3480 τοῖς
1443 3420 1552 3488 πρωτοις

194 3511 306 3581 σώμασι,
330 3512 374 3563 καὶ
391 3509 420 3563 τὸ
438 3507 535 3578 πλῆθος
554 3509 638 3561 αὐτῶν
657 3509 719 3562 εἶναι
737 3509 803 3561 κατὰ
821 3508 894 3578 λόχοι
1022 3509 1053 3562 15
1081 3510 1112 3562 cf.
1132 3509 1241 3562 Aristol.
1260 3507 1381 3561 330b25:
1410 3508 1439 3561 τὸ
1458 3508 1484 3561 δὲ
1502 3513 1551 3581 πῦρ

193 3599 258 3652 ἐστιν
281 3596 407 3671 ὑπερβολὴ
431 3595 496 3669 διρμ
498 3596 600 3666 ότητος,
629 3595 713 3670 ὥσπερ
735 3597 779 3648 aul
802 3615 818 3648 ιι
821 3595 956 3668 ρῦσταλλος
978 3595 1152 3668 ψυχρότητος·
1179 3595 1196 3664 ἡ
1202 3597 1265 3736 ὁχιδρ
1289 3593 1361 3666 πῆξις
1383 3597 1426 3648 ιιαὶ
1448 3596 1465 3665 η
1488 3597 1553 3658 ζέσις

194 3685 329 3757 ῦπερβολαί
346 3687 412 3743 τινές
430 3685 502 3745 εἰσιν
525 3684 606 3753 ἡμὲν
624 3683 692 3756 ψυχρ
694 3683 796 3754 ότητος,
817 3683 883 3754 ἡδὲ
901 3681 1063 3756 θερμότητος
1100 3681 1165 3737 εἰ
1139 3683 1215 3737 ουνδ
1234 3682 1388 3755 ιιρῦσταλλός
1411 3684 1462 3736 ἐστι
1480 3682 1553 3753 πῆξις

193 3773 269 3847 ῦγμῦ
288 3772 384 3846 ψυχρ”
358 3791 401 3838 ου,
423 3774 468 3826 aul
484 3772 514 3825 τὸ
532 3777 581 3843 πῦρ
600 3772 667 3823 ἔσται
685 3773 749 3832 ζέσις
771 3769 847 3841 ξηροῦ
864 3769 968 3842 θερμοῦ.
1004 3771 1042 3824 διδ
1059 3771 1103 3823 aul
1121 3769 1192 3823 οῦδὲν
1215 3701 1268 3824 udrp’
1290 3771 1319 3823 ἐκ
1342 3770 1499 3844 κρυστάλλου
1516 3770 1552 3841 χί-

193 3879 278 3931 χνιται
301 3858 355 3913 οὔτ’
377 3861 406 3913 la
429 3860 508 3932 πυρός
633 3860 664 3911 19
692 3859 730 3912 ld.
749 3858 874 3914 3781114:
902 3859 1015 3928 φαίνεται
1033 3859 1079 3929 γὰρ
1104 3858 1129 3910 ἐν
1153 3864 1228 3911 πᾶσιν
1249 3858 1266 3927 ἡ
1291 3860 1335 3929 μιν
1359 3856 1485 3930 θερμότης
1508 3860 1552 3912 καὶ

195 3948 325 4022 ψυχρότης
343 3946 466 4020 ὁρίζουσαι
488 3948 531 3999 ιιαὶ
555 3946 710 4016 συμφῦουσαι
733 3948 777 3999 aad
796 3945 995 4017 μεταβάλλουσαι
1017 3946 1049 3999 τὰ
1067 3943 1175 4016 ὁμογενῆ
1194 3947 1237 3998 οιαὶ
1259 3946 1291 3999 τὰ
1309 3946 1345 4016 μὴ
1364 3944 1485 4016 ὁμογενῆ,
1507 3947 1551 3999 nal

193 4035 350 4108 δχραίνουσαι
368 4036 411 4087 καὶ
425 4034 582 4106 Εηραίνουσοιι
600 4035 643 4086 acl
656 4033 838 4105 σιιληρῦνουσαι
855 4033 1090 4104 καὶζμαλάττουσαι,
1109 4034 1140 4086 τὰ
1159 4032 1185 4086 dl
1204 4032 1267 4106 ξηρὰ
1285 4034 1328 4085 aad
1340 4033 1402 4105 ῦχρὰ
1421 4032 1552 4106 δριζόμινα

193 4125 237 4177 ιιαὶ
255 4123 334 4176 τᾶλλα
350 4124 383 4176 τὰ
401 4122 518 4194 ιίρημὲνα
536 4120 605 4192 πάδη
624 4123 754 4195 πάσχοντα
776 4120 840 4174 adad
857 4139 885 4174 τε
903 4119 965 4175 καθ’
986 4121 1050 4175 αῦτα
1068 4122 1112 4174 καὶ
1130 4119 1176 4173 ὅσα
1194 4122 1268 4173 ιιοινὰ
1286 4119 1312 4179 ἐξ
1330 4121 1425 4192 ἀμφοῖν
1444 4121 1551 4189 σώματα

192 4211 351 4282 συνέστηκεν.
381 4210 418 4263 ἔτι
435 4209 460 4262 δ’
481 4210 510 4262 ἐιι
528 4216 581 4262 τῶν
599 4208 681 4278 λόγιον
694 4207 780 4278 δῆλον,
798 4208 834 4268 οἶς
852 4207 987 4281 δριζόμιδα
1004 4210 1049 4269 τὰς
1066 4208 1151 4278 φῦσεις
1164 4208 1261 4261 αῦτιῖιν·
1280 4207 1310 4261 τὸ
1329 4209 1374 4277 μὲν
1392 4209 1439 4280 γὰρ
1457 4206 1550 4279 θερμὸν

192 4300 237 4352 ιιαὶ
255 4298 351 4372 ψυχρὸν
370 4297 406 4356 ὡς
423 4298 542 4366 ποιητικὰ
560 4296 664 4365 λέγομεν
687 4296 727 4364 (τὸ
745 4297 792 4368 γὰρ
811 4297 969 4368 ουχιιριτιιιὸν
992 4297 1076 4369 ὥσπερ
1094 4296 1226 4367 ποιητικόν
1243 4314 1267 4348 τι
1286 4297 1361 4363 ἐστι),
1382 4295 1412 4348 τὸ
1431 4295 1457 4348 δὲ
1476 4296 1550 4368 apte

192 4387 237 4440 οιαὶ
260 4385 335 4456 ξηρὸν
356 4384 499 4455 παδητιιιδν
527 4384 568 4453 (τὸ
590 4385 636 4454 γὰρ
665 4382 790 4455 ιδόριστον
816 4385 859 4436 καὶ
881 4384 1023 4454 δυσόριστον
1050 4388 1087 4454 τῷ
1110 4386 1214 4454 πάσχειν
1236 4403 1260 4436 τι
1283 4382 1380 4452 λέγεται
1407 4385 1454 4453 τὴν
1477 4383 1550 4454 φῦσιν

193 4472 288 4541 adadun)

192 4766 208 4819 9
226 4765 366 4836 facileque]
385 4765 448 4819 ὥστ’
469 4765 581 4836 εδλδχιυς
599 4765 704 4817 Ariston
813 4768 844 4819 16
863 4767 896 4820 ad
914 4786 959 4819 om.
980 4765 1037 4818 OM
1141 4764 1172 4818 17
1192 4765 1261 4818 sicut
1281 4766 1316 4817 Μ
1318 4783 1324 4818 :
1343 4767 1381 4820 sic
1400 4765 1439 4817 H:
1457 4767 1481 4818 si
1502 4766 1524 4817 0

192 4853 225 4907 22
244 4856 311 4909 bene
329 4856 398 4908 enim
418 4854 458 4906 H:
478 4856 547 4907 enim
567 4855 632 4907 bene
654 4852 709 4903 CM

245 4961 353 5015 Supplem.
367 4961 451 5004 ΔιιιιΙ
464 4957 478 5002 2
491 4962 614 5002 Priscinuus
629 4960 709 5012 Lydus.
778 4944 781 4948 ⁴
1328 4941 1348 5006 6
