3510 5610
257 309 296 348 xlt
835 294 1027 346 lrhsllns'llo

257 470 393 533 Αἰλτανοῦ
415 469 480 533 6116
499 468 674 534 succedunt
690 466 756 530 ‘toi
779 467 867 530 αὐτοῦ
891 467 924 530 ἐκ
946 471 996 530 τοῦ
1019 462 1167 533 πλάτους’.
1214 483 1290 546 ergo
1313 465 1394 529 duas
1415 464 1543 529 Aeliani
1565 485 1610 529 re-

256 587 423 654 censiones
449 594 523 651 tunc
550 586 694 652 extitisse
716 592 862 670 apparet,
889 586 1023 651 alteram
1047 583 1204 664 integram
1227 585 1334 652 πλάτος
1356 583 1452 665 dicta,
1475 586 1609 648 alteram

256 706 444 772 breviatam.
489 726 541 772 res
564 705 676 770 eadem
699 712 796 787 atque
822 705 853 768 in
878 704 975 768 Varia
998 702 1149 784 Historia,
1179 703 1268 767 cuius
1291 704 1463 768 maximam
1487 710 1610 785 partem

256 825 288 889 in
311 824 484 908 epitomem
506 825 669 889 redactam
692 843 861 906 superesse
883 823 1065 888 Hercherus
1088 821 1235 905 probarit
1258 821 1320 906 [ed.
1341 823 1447 887 Didot.
1464 845 1493 906 p.
1507 821 1574 906 [Vp.

342 941 491 1008 Ceterum
518 949 684 1025 utramque
712 942 839 1008 Aeliani
872 941 913 1007 de
942 941 1082 1006 Historia
1113 941 1297 1005 animalium
1327 941 1460 1006 formam
1487 940 1611 1006 decimo

193 1094 198 1103 ·
257 1061 385 1126 saeculo
409 1061 554 1128 extitisse
576 1082 614 1126 ac
638 1067 752 1145 postea
773 1062 931 1143 integrum
955 1081 1044 1145 opus,
1067 1082 1132 1125 non
1148 1060 1329 1143 Epitomam
1345 1068 1485 1126 aetatem
1501 1060 1611 1124 tulisse

108 2986 231 3025 'l'imotbeus

257 1179 311 1244 vix
334 1180 445 1244 mirum
470 1181 629 1246 ridebitur
653 1181 823 1265 reputanti,
847 1188 1045 1263 quantopere
1066 1179 1235 1263 Byzantiui
1259 1179 1405 1244 homiues
1429 1179 1476 1243 his
1499 1178 1611 1244 studiis

256 1299 407 1364 delectati
434 1299 511 1382 sint,
539 1301 627 1365 velut
656 1301 809 1383 Basilius,
837 1300 1035 1380 Timotheus,
1063 1297 1246 1379 Eutecuius,
1277 1297 1463 1382 Dionysius,
1492 1296 1611 1379 Pisida,

256 1417 470 1502 Epiphanius,
501 1419 624 1503 Philes,
654 1420 792 1502 denique
822 1419 873 1484 vel
901 1440 925 1483 s.
943 1417 1019 1482 XVI
1046 1417 1173 1482 Studita
1199 1418 1425 1483 Damascenus.

341 1536 400 1600 His
416 1537 600 1619 praemissis
615 1547 735 1604 certum
752 1539 792 1602 (16
808 1536 1058 1619 fragmentorum
1082 1534 1114 1598 ΙΙ
1128 1535 1297 1600 ese-609
1317 1536 1443 1618 origine
1462 1537 1610 1602 iudicium

256 1653 332 1720 ferri
354 1655 481 1721 videtur
504 1677 608 1739 posse.
654 1657 779 1722 titulum
811 1662 926 1738 gerunt-
949 1654 1098 1730 Αἰλτονοῦ,
1127 1674 1262 1736 cumque
1284 1654 1367 1719 inter
1388 1655 1557 1738 Epitomae
1580 1666 1611 1723 61

257 1776 383 1843 πλάτους
405 1774 541 1838 frustula
562 1775 789 1856 interiaceant,
826 1794 864 1837 sn
888 1773 1024 1838 heliano
1048 1793 1256 1856 promanasse
1277 1773 1478 1842 ridebuntur.
1523 1797 1613 1843 acce-

257 1892 337 1956 dunt
364 1891 464 1956 verba
492 1893 570 1976 ipsis
600 1894 799 1977 praescripta
827 1892 946 1957 “lers'or
976 1894 1018 1957 ὅτι
1047 1895 1076 1956 ἐν
1103 1897 1146 1978 τῷ
1170 1895 1271 1955 πλάτει
1293 1894 1366 1957 αὐτὰ
1397 1896 1454 1980 οὐχ
1484 1894 1611 1981 εὖρον”.

259 2030 342 2091 quae
363 2033 425 2075 non
459 2013 501 2076 ad
524 2012 749 2078 antecedentia
777 2012 859 2075 trahi
887 2025 1019 2095 possunt
1049 2013 1167 2096 (neque
1194 2014 1278 2077 euim
1309 2013 1404 2078 hodie
1431 2014 1464 2077 in
1488 2015 1611 2080 Aeliani

258 2128 420 2194 codicibus
449 2132 506 2195 illa
534 2132 650 2197 desunt
678 2152 737 2196 nec
766 2131 932 2214 probabile
961 2151 1099 2213 uuquam
1124 2131 1290 2216 defuisse),
1324 2133 1380 2196 sed
1403 2132 1445 2196 ad
1468 2152 1507 2198 ea
1530 2152 1613 2214 quae

258 2247 481 2325 subsecuntur,
515 2272 707 2334 ‹prauiquam
738 2252 780 2316 ab
801 2250 937 2316 Aeliano
960 2271 1000 2315 ea
1022 2251 1130 2315 aliena
1153 2245 1425 2333 probabiliterque
1446 2271 1486 2316 ex
1509 2250 1614 2315 Timo·

257 2366 333 2432 theo
356 2369 525 2454 desumpta
547 2381 634 2451 suot,
658 2372 690 2435 id
713 2371 798 2453 quod
820 2370 1244 2435 (1611193-1916666161..
1290 2371 1352 2433 iam
1376 2368 1527 2452 quoniam
1549 2370 1613 2433 llx-

258 2488 413 2570 eerptoris
437 2490 596 2554 licentiam
619 2490 766 2554 incusare
785 2497 940 2570 vetamur,
963 2488 1041 2551 nihil
1065 2496 1174 2569 restat,
1198 2489 1258 2551 uisi
1275 2498 1310 2552 ut
1324 2489 1427 2574 ipsum
1445 2488 1613 2571 Epitomae

258 2614 422 2672 auctorem
445 2609 608 2674 Aelianeis
630 2609 696 2672 alia
718 2608 814 2672 Zoica
837 2607 1085 2672 intermiscuisse
1108 2607 1293 2690 iudicemus,
1323 2609 1411 2673 velut
1434 2608 1611 2673 Timothei:

258 2724 339 2789 haec
369 2725 452 2790 iusta
481 2728 606 2792 ridetur
638 2747 709 2792 esse
739 2727 784 2792 rei
811 2727 993 2809 explicatio.
1038 2726 1122 2792 unde
1149 2736 1310 2792 nonanta
1339 2747 1363 2790 s.
1382 2727 1437 2803 VI,
1465 2749 1527 2810 quo
1553 2727 1613 2791 fuit

258 2845 455 2929 Timotheus,
478 2846 604 2910 Aeliani
627 2846 721 2909 istam
744 2845 917 2927 epitomam
940 2865 1011 2910 esse
1033 2853 1133 2909 ortam
1157 2844 1367 2909 concluditur.

343 2964 372 3027 ll
416 2963 517 3028 lllulta
546 2963 626 3028 libro
654 2964 747 3029 alteri
774 2963 993 3047 suppeditavit
1015 2963 1234 3028 Timotheus
1258 2963 1421 3048 Gaaaeus,
1455 2964 1496 3029 (16
1523 2963 1612 3029 cuius

259 3083 366 3166 operis
392 3084 495 3146 forma
527 3092 559 3147 et
588 3091 704 3147 natura
738 3104 849 3167 parum
880 3091 1013 3148 constat.
1070 3102 1144 3146 uam
1175 3083 1234 3148 etsi
1266 3084 1359 3147 huius
1389 3084 1534 3167 syllegae
1560 3103 1613 3148 ex-

259 3202 380 3284 cerptio
404 3202 502 3266 multo
526 3202 653 3266 uberior
675 3212 707 3266 et
731 3202 910 3267 accuratior
941 3210 989 3268 est
1012 3220 1105 3284 quam
1129 3202 1305 3268 miserrima
1328 3203 1384 3266 illa
1406 3201 1542 3267 frustula
1564 3223 1613 3268 co·

259 3320 338 3385 dicis
374 3322 550 3403 Augustani
585 3341 667 3403 quae
701 3332 774 3404 post
808 3321 1017 3385 llatthaeium
1051 3321 1243 3403 llauptius¹)
1275 3321 1388 3404 edidit,
1430 3330 1537 3388 tamen
1572 3322 1612 3388 de

258 3457 412 3520 germana
427 3439 585 3504 Timothei
601 3440 704 3504 forma
726 3448 823 3521 atque
839 3439 1012 3523 partitione
1028 3438 1204 3504 diiudicare
1219 3440 1348 3506 dillicile
1371 3448 1429 3506 est.
1464 3440 1613 3524 Suidas²)

258 3557 386 3639 quidem
409 3557 516 3627 ἐπτκῶς
538 3559 578 3623 (16
600 3558 784 3623 animalium
808 3566 923 3622 natura
945 3558 1110 3640 scripsisse
1133 3578 1204 3623 eum
1228 3558 1313 3623 dicit.
1345 3559 1506 3640 quodnisi
1528 3559 1611 3625 forte

258 3675 382 3740 iambos
405 3676 584 3758 significare
607 3678 710 3743 credis
732 3678 785 3760 (uf.
803 3676 889 3741 Soid.
914 3698 939 3739 s.
956 3698 984 3741 v.
1003 3677 1155 3761 Γεώργτος.
1193 3678 1350 3763 ἑξοήρερον
1374 3677 1410 3741 δι’
1438 3678 1549 3762 ἰάμβων
1572 3678 1613 3747 εἰς

258 3793 325 3878 ἔπη
341 3796 510 3881 τριοχτλιο),
532 3797 695 3861 61661116(
711 3797 916 3879 interpretari
934 3797 1007 3861 licet
1022 3797 1082 3860 nisi
1098 3798 1144 3861 ita
1160 3804 1193 3860 ut
1209 3796 1404 3862 hexametris
1419 3796 1610 3861 scribentem

259 4021 333 4074 leone
346 4026 372 4072 ct
385 4022 490 4084 uamelo‚
510 4036 593 4073 sermo
606 4025 653 4073 est.
678 4026 789 4073 cetorum
804 4036 895 4072 moneo
912 4019 1053 4071 nonnullos
1064 4019 1197 4087 Epitomae
1211 4019 1281 4071 locos
1296 4034 1352 4071 cum
1366 4018 1452 4071 πλάτει
1465 4019 1612 4071 consentire

258 4109 290 4161 61.
305 4109 327 4161 ll
337 4107 387 4160 357
402 4109 469 4173 (del.
483 4107 570 4175 1156).
597 4108 669 4159 locus
683 4107 766 4159 115111
786 4124 811 4174 p.
825 4106 1011 4165 read-lma
1030 4107 1068 4157 ita
1082 4107 1273 4158 contaminatus
1292 4112 1340 4171 est,
1357 4112 1386 4157 ut
1399 4108 1492 4174 partim
1506 4105 1612 4163 πλάτους

258 4197 353 4264 partim
366 4196 494 4263 epitomae
513 4195 625 4262 speciem
639 4196 739 4247 reserat.
775 4194 957 4247 iureconsultis
976 4199 1065 4245 notum
1079 4200 1118 4246 est
1130 4194 1257 4245 Theodori
1271 4195 1403 4246 ltreriario
1417 4194 1514 4262 opponi
1528 4193 1610 4245 solere

257 4283 287 4336 τὸ
300 4283 392 4341 πλάτος
405 4288 457 4334 τῶν
470 4288 566 4353 νεαρῶν
576 4282 739 4335 Novellarum
754 4283 881 4347 integrum
896 4297 990 4350 eorpus
1004 4282 1035 4334 61.
1049 4282 1149 4333 Erschii
1163 4286 1189 4333 61
1201 4281 1308 4333 Gruberi
1324 4280 1455 4348 Eorpclop.
1470 4280 1594 4345 leuabo.

331 4374 350 4438 ¹)
375 4372 412 4424 Cf.
432 4371 552 4422 Matthaei
574 4371 662 4420 Brevis
684 4371 787 4420 historia
809 4371 949 4420 aoinralr‘arrr
972 4371 1099 4434 scriptoris
1123 4369 1234 4434 urronprra'
1256 4370 1298 4433 qui
1318 4368 1397 4418 occulo
1416 4368 1464 4417 XI
1482 4368 1526 4419 suh
1551 4367 1612 4418 Corr-

258 4461 364 4509 stantiae
378 4458 538 4508 llonomaclo
557 4460 699 4526 imperatore
717 4458 921 4522 hburluatr'uopeh'
936 4457 1023 4520 floruit
1038 4474 1135 4522 praece.
1162 4457 1285 4523 Mosquae
1300 4457 1374 4508 lull.
1402 4456 1493 4523 Haupt
1502 4452 1611 4504 Hermae

259 4546 308 4598 rol.
321 4546 353 4597 lll
373 4561 398 4612 p.
416 4546 425 4595 l
440 4561 495 4612 sqq.
515 4543 617 4611 [Opusr.
634 4544 668 4597 111
688 4543 848 4612 rra-302}

329 4633 350 4698 ⁴²)
368 4628 491 4699 Τιμόθεος
511 4628 614 4692 lutam
633 4631 813 4702 γραμματικός,
832 4631 941 4700 γεγονὼς
964 4631 1004 4682 ἐπὶ
1023 4628 1179 4683 Ἀνασταοίου
1199 4630 1328 4699 βασιλέως,
1351 4630 1386 4687 εἰς
1405 4626 1432 4680 ὃν
1454 4630 1498 4681 καὶ
1516 4646 1611 4699 τραγῳ-

258 4719 311 4772 δίαν
330 4718 430 4788 ἐποίησε
453 4719 571 4789 περὶτοῦ
590 4717 709 4788 δημοσίου
732 4725 776 4771 τοῦ
799 4717 955 4786 καλουμένου
978 4716 1156 4789 χρυσαργΰροο.
1194 4717 1287 4788 ἔγραψε
1310 4717 1336 4770 a
1355 4719 1398 4770 661
1421 4717 1539 4773 tarrae
1556 4717 1612 4784 περὶ

259 4809 332 4878 ζῴων
351 4805 509 4876 τετραπόδων
529 4804 648 4876 [θηρίων]
668 4813 719 4858 τῶν
739 4806 793 4877 παρ’
811 4802 893 4863 Ἰνδοῖς
912 4808 955 4857 καὶ
970 4803 1059 4877 Ἄραψι
1078 4806 1120 4856 καὶ
1141 4803 1282 4873 Αἰγυπτίοις
1301 4805 1344 4857 καὶ
1363 4803 1408 4857 ὅσα
1426 4802 1612 4875 τρέφειὴνβῦη.

259 4897 301 4947 καὶ
320 4902 374 4967 περὶ
393 4895 487 4966 ὀρνέων
507 4892 583 4952 Ξένων
602 4912 628 4944 τε
654 4897 696 4945 καὶ
715 4895 861 4945 ἀλλο-61666
881 4896 924 4946 καὶ
948 4893 1030 4962 ὄφεων
1051 4894 1132 4962 βιβλία
1151 4893 1171 4944 d.
