3510 5610
196 312 237 378 68
355 314 606 368 ARISTOPHANIS
626 313 808 367 HISTORIAE
828 313 1019 367 ANIMALIUM
1038 313 1186 366 EPITOME
1206 312 1228 367 11
1251 311 1396 366 125-127

249 490 333 548 ναῖκα
353 487 401 550 ἐπ’
418 488 582 574 αὐτοφώρῳ
599 490 781 570 καταλαβών,
801 485 836 551 δι’
854 488 1026 573 ἀμφοτέρων
1043 489 1164 572 θάτερον
1179 488 1278 572 πείρας
1292 493 1352 551 τοῖν
1368 491 1500 573 κεράτοιν

250 589 398 653 ἀπέκτεινε
420 591 468 653 καί
484 592 532 653 τὸν
549 592 652 675 μοιχὸν
674 592 723 654 καὶ
742 591 795 674 τήν
816 591 1026 675 μοιχευομένην
1049 592 1097 653 καὶ
1112 589 1193 654 εἴασε
1215 591 1330 655 κεῖσθαι
1352 593 1427 655 κατὰ
1441 597 1500 655 τῶν

181 684 183 688 ⁴
251 691 429 777 στρωμάτων
454 697 513 755 τῶν
536 693 714 778 ὑβρισμένων
740 694 789 756 καί
810 697 863 777 τῆς
884 693 970 776 εὐνῆς
995 698 1047 776 τῆς
1068 692 1288 778 πεπατημένής,
1315 697 1356 763 ῶς
1377 691 1501 756 ἐλθόντα

250 795 298 857 τόν
328 796 478 879 πωλευτήν
509 801 688 879 καταγνῶναι
720 796 769 859 καί
798 797 831 859 τό
862 796 990 880 ἀδίκημα
1023 796 1071 858 καὶ
1099 796 1148 858 τδν
1182 799 1388 881 τιμωρήσαντα
1416 793 1499 880 αὐτῷ

221 900 392 981 σγνωρίσαι.
437 898 591 962 καὶτοῦτο
614 895 800 982 μέν’λνδικόν
823 898 855 961 τό
878 896 975 983 ἔργον,
1004 898 1116 961 ἐκεῖθεν
1145 898 1177 961 δὲ
1204 899 1372 985 ἐξεφοίτήσε
1394 901 1499 982 δεῦρο·

248 998 348 1064 ἀκούω
363 1001 396 1064 δὲ
417 1002 466 1064 καί
488 1001 536 1063 ἐπὶ
552 999 650 1064 Τόπον
669 997 825 1085 Ῥωμαίων
849 994 1059 1085 βασιλεύοντος,
1082 1001 1186 1085 ἀνδρὸς
1201 1006 1292 1066 καλοῦ
1312 1003 1360 1066 καλ
1375 1000 1500 1082 ἀγαθοῦ,

248 1101 278 1163 ἐν
300 1107 339 1185 ιγ’,
360 1100 465 1186 Ῥώμγγ
490 1102 576 1166 ταότό
598 1102 751 1186 γεγονέναι.
797 1103 984 1187 προστιθέασι
1006 1104 1039 1166 δὲ
1061 1102 1104 1166 ὅτι
1126 1102 1182 1189 άρα
1205 1104 1221 1166 6
1245 1104 1371 1166 ἐνταῦθα
1393 1101 1501 1187 ἐλέφας

248 1204 398 1269 ἀπέκτεινε
421 1207 472 1290 μὲν
494 1205 676 1290 ἀμφοτέρους
697 1207 745 1269 καὶ
767 1206 797 1268 ἐν
818 1206 922 1290 ἱματίῳ
942 1207 1132 1291 κατεκαλυψε,
1148 1207 1195 1268 καί
1210 1205 1325 1270 ἐλθόντι
1339 1210 1382 1291 τῷ
1398 1207 1504 1289 τροφεῖ

248 1307 405 1393 ἀποβαλὼν
428 1309 461 1372 τδ
477 1310 588 1390 ἱμάτιον
611 1309 762 1391 κειμένους
777 1309 912 1392 ἀλλήλων
933 1308 1054 1392 πλησίον
1070 1307 1200 1376 ἀπέδειξε
1222 1308 1270 1371 καί
1292 1310 1325 1371 τό
1348 1307 1434 1392 κέρας
1456 1307 1499 1382 δέ,

210 1425 236 1470 10
250 1404 332 1497 ᾧπερ
356 1408 406 1473 οὐν
429 1411 568 1496 διέπειρεν
590 1410 704 1485 αὐτούς,
727 1412 775 1474 καὶ
796 1415 881 1474 τοῦτο
903 1407 1072 1494 ᾑμαγμένον
1096 1411 1218 1494 ἑωρᾶτο.

333 1512 427 1596 (126)
458 1513 525 1578 Τῶν
548 1512 754 1598 τεθήραμένων
776 1513 940 1597 ἐλεφάντων
961 1513 1060 1576 ἰῶνται
1079 1512 1115 1576 τά
1137 1515 1286 1597 τραύματα
1308 1514 1335 1575 οἱ
1351 1511 1432 1577 Ἰνδοὶ
1450 1513 1500 1576 τδν

247 1615 351 1702 τρόπον
375 1621 485 1681 τοῦτον.
523 1621 704 1681 καταιυνοόσι
728 1616 779 1700 μὲν
795 1615 870 1678 αὐτὰ
892 1616 972 1679 ύδατι
986 1620 1120 1701 χλιαρῷ,
1143 1614 1147 1702 ή
1169 1617 1266 1700 ὥσπερ
1290 1615 1339 1680 οὐν
1361 1618 1395 1680 τδ
1418 1620 1556 1679 mmm

248 1717 419 1803 Εὐρυπύλου
446 1720 525 1804 παρὰ
551 1725 594 1806 τῷ
621 1722 704 1804 καλῷ
727 1715 850 1803 Ὁμήρῳ
877 1719 893 1781 6
917 1719 1097 1802 Πάτροκλος·
1131 1719 1194 1783 εἶτα
1220 1719 1315 1802 μέντοι
1338 1720 1500 1805 ὀιαχρίουσι

247 1828 290 1908 τῷ
314 1822 446 1908 βουτύρῳ
468 1823 551 1887 αὐτά.
589 1823 638 1885 ἐὰν
661 1818 735 1905 δὲή
762 1821 865 1908 βαθέα,
888 1821 940 1905 τήν
956 1823 1118 1907 φλεγμονὴν
1142 1824 1315 1908 πραΰνουσιν
1338 1821 1402 1885 ύεια
1416 1821 1498 1907 κρέα,

208 1939 234 1985 15
250 1925 343 2009 θερμοί
367 1925 428 2010 μέν,
451 1924 555 2009 ἔναιμα
578 1927 610 1988 δὲ
632 1923 674 1988 ἔτι
691 1923 901 2008 προσφέροντες
922 1925 970 1987 καὶ
979 1923 1152 2000 ἐκτιθέντες.
1189 1925 1256 1995 τοὺς
1278 1926 1311 1988 δὲ
1326 1924 1499 2009 ὀφθαλμούς

249 2028 455 2112 θεραπεύουσιν
478 2028 573 2092 αὐτῶν
597 2027 689 2115 βόειον
712 2029 787 2109 γάλα
809 2026 997 2105 ἀλεείνοντες,
1020 2027 1083 2091 είτα
1105 2028 1204 2097 αὐτοῖς
1225 2027 1392 2113 ἐγχέοντες,
1415 2029 1442 2091 οἱ
1465 2028 1499 2090 δέ

248 2131 392 2213 ἀνοίγουσι
407 2131 443 2195 τὰ
458 2131 598 2216 βλέφαρα,
621 2128 695 2214 (καὶ)
718 2130 916 2214 ὠφελούμενοι
932 2131 1050 2214 ήδονταί
1064 2154 1095 2194 τε
1117 2132 1165 2196 καὶ
1180 2131 1375 2207 αἰσθάνονται,
1399 2130 1498 2216 ῶσπερ

248 2233 407 2317 ἄνθρωποι.
451 2235 500 2297 καὶ
526 2235 567 2302 εἰς
592 2238 727 2315 τοσοῦτον
753 2231 953 2304 έπικλύζουσιν
979 2232 1020 2301 εἰς
1046 2231 1114 2295 όσον
1142 2231 1176 2296 ἀν
1201 2234 1428 2297 ἀποπαύσωνται
1449 2240 1498 2318 λῳ

250 2341 369 2420 μῶντες.
414 2336 567 2421 μαρτύριον
589 2337 622 2399 δὲ
643 2340 694 2419 τοῦ
717 2334 884 2398 παύσασθαι
910 2335 962 2418 τὴν
989 2334 1155 2419 ὀφθαλμίαν
1181 2336 1266 2400 τούτύ
1289 2337 1359 2400 ἐστι.
1403 2335 1439 2399 τὰ
1466 2336 1500 2399 δέ

208 2440 400 2523 εονοσήματα
422 2437 478 2503 ὅσα
499 2438 597 2508 αὐτοῖς
619 2438 789 2521 προσπίπτει
812 2436 924 2513 άλλως,
952 2438 968 2499 6
992 2437 1080 2521 μέλας
1103 2437 1178 2509 οἶνος
1199 2438 1297 2508 αὐτοῖς
1319 2438 1395 2502 ἐστιν
1417 2437 1496 2508 άκας.

249 2542 276 2604 εί
298 2543 330 2605 δὲ
354 2542 394 2626 μή
410 2541 520 2623 γένοιτο
542 2542 660 2625 ἐξάντης
681 2544 732 2603 τού
748 2544 838 2603 κακοῦ
861 2544 905 2624 τῳ
923 2543 1069 2625 φαρμάκῳ
1092 2542 1196 2627 τούτῳ,
1220 2541 1340 2605 ἀσωστά
1363 2541 1395 2604 οἵ
1412 2542 1499 2605 ἐστιν.

334 2643 428 2728 (127)
460 2641 614 2729 Ἐλέφαντι
639 2643 662 2726 ή-
688 2644 740 2726 μέν
769 2643 894 2726 ἀγελαίῳ
924 2643 956 2704 δὲ
986 2643 1142 2725 είθισμένω
1168 2668 1200 2728 γε
1226 2645 1283 2728 μὴν
1311 2644 1387 2728 ύδωρ
1417 2643 1499 2727 πόμα

249 2745 324 2808 ἐστί·
359 2751 402 2832 τῷ
430 2747 469 2809 δέ’
490 2747 531 2816 εἰς
558 2746 684 2830 πόλεμον
712 2747 848 2809 ἀθλούντι
874 2744 950 2814 οἶνος
978 2744 1044 2826 μέν,
1071 2745 1105 2808 οὐ
1134 2748 1191 2831 μήν
1219 2747 1234 2809 6
1263 2752 1320 2810 τῶν
1349 2747 1499 2829 ἀμπέλων,

249 2849 312 2912 ἐπεὶ
334 2849 382 2911 τὸν
406 2850 457 2931 μὲν
480 2850 510 2919 ἐξ
533 2849 639 2933 ὀρύζης
660 2853 871 2934 χειρουργοόσι,
894 2849 942 2911 τόν
965 2848 997 2911 δέ
1019 2848 1053 2912 ἐκ
1074 2851 1215 2932 καλάμου.
1257 2850 1374 2933 προΐασι
1396 2851 1429 2912 δὲ
1451 2851 1500 2913 καί

208 2968 235 3012 ‘25
249 2953 325 3037 άνθή
354 2952 449 3037 σφίσιν
475 2952 672 3036 ἀθροίσαντες·
706 2952 761 3013 εἰσί
788 2951 842 3035 γάρ
871 2951 989 3035 ἐρασταὶ
1015 2950 1152 3028 εὐωδίας,
1179 2954 1228 3015 καὶ
1253 2951 1372 3034 ἀγονταί
1393 2976 1426 3035 γε
1452 2953 1500 3015 ἐπὶ

250 3056 316 3125 τοός
338 3058 481 3137 λειμῶνας
504 3052 579 3137 [καὶ]
603 3054 682 3137 ὀσμή
705 3054 964 3139 πωλευθήσόμενοι
985 3058 1021 3137 τῇ
1046 3055 1162 3137 ήδίστγγ.
1203 3056 1290 3117 καὶὸ
1314 3055 1365 3138 μὲν
1389 3054 1500 3137 ἐκλέγει

249 3159 345 3243 κρίνας
367 3162 404 3241 τῇ
427 3156 569 3240 ὀσφρήσει
591 3157 623 3218 τό
646 3155 744 3236 ἀνθος,
766 3157 889 3240 τάλαρον
910 3157 942 3219 δὲ
964 3154 1042 3240 ἔχων
1065 3157 1249 3240 όπωλευτής
1270 3162 1431 3241 τρυγῶντας
1452 3159 1501 3221 καὶ

249 3262 443 3345 ἐμβαλλοντος
465 3257 577 3343 ὑπέχει.
614 3258 678 3322 εἶτα
700 3258 768 3322 ὅταν
784 3258 922 3343 ἐμπλήσγγ
939 3264 1049 3337 τοῦτον,
1072 3262 1170 3344 ὥσπερ
1194 3257 1243 3322 οὖν
1260 3260 1378 3345 ὀπώρας
1399 3260 1500 3344 δρεπό·

199 3518 229 3570 ll
252 3522 304 3569 τῶν
322 3513 510 3586 τεθήραμένων]
530 3515 586 3567 Ael.
600 3519 653 3567 nat.
666 3516 745 3567 anim.
757 3514 849 3568 XIII?
868 3517 904 3583 (ρ.
917 3513 1147 3581 321,25-322‚8
1165 3516 1267 3580 Herch.)
1374 3515 1408 3567 22
1426 3514 1552 3586 ἐλέφαντι]

196 3606 254 3658 Λελ.
271 3604 289 3655 l.
304 3620 326 3656 c.
339 3603 432 3657 X1118
450 3607 486 3671 (p.
498 3602 657 3669 322‚9-31
680 3604 782 3666 Herch.)

199 3847 210 3899 l
231 3846 315 3919 πείρας
332 3846 403 3899 Aah:
425 3846 506 3916 πήρας
523 3828 560 3898 D·
583 3843 640 3903 διελς
659 3844 772 3897 Hercher
876 3842 893 3897 3
917 3844 1072 3914 στρωμάτων
1090 3844 1158 3897 Aah:
1183 3844 1349 3912 σωμάτωνλ)
1451 3842 1467 3896 5
1489 3860 1552 3912 γνω-

196 3934 260 4004 ρίσαι
278 3933 347 3987 Aula
370 3934 490 4004 γνωρίσας
509 3932 542 3997 (ί)
561 3932 596 3984 D:
620 3932 732 3984 Hercher
751 3937 796 3984 aut
814 3938 971 4001 καταγνῶναι
990 3936 1035 3983 aut
1052 3933 1168 4001 γνωρίσαι
1186 3932 1389 3999 expungendum
1407 3936 1496 3984 censet

193 4018 293 4074 Ἰνδικὸν
311 4021 381 4073 Aah:
407 4019 548 4073 ίνδικῶνΙ)
660 4018 777 4072 ὐτόπου
796 4021 833 4072 sic
852 4020 874 4071 D
894 4020 961 4071 AeL:
987 4016 1062 4071 Τίτου
1081 4024 1140 4071 rest.
1160 4019 1307 4072 Gronovius
1364 4004 1367 4008 Δ
1414 4015 1552 4086 Ῥωμαίων

196 4107 365 4179 βασιλεύοντος
384 4107 479 4161 delevit
496 4107 609 4159 Hercher
747 4107 763 4158 7
788 4108 813 4159 ἐν
833 4108 869 4159 D:
893 4109 937 4159 καὶ
955 4107 981 4159 ἐν
999 4107 1060 4160 libri
1078 4106 1148 4171 Ασλ,
1166 4107 1212 4159 sed
1230 4107 1273 4158 καλ
1291 4106 1387 4159 delevit
1404 4107 1519 4160 Hereher

195 4195 286 4249 ταύτδν
304 4196 360 4249 Αελ.
478 4192 564 4247 ἐνθάδε
582 4194 639 4246 Λελ.
754 4195 770 4246 8
793 4195 921 4247 ἀπέκτεινε
940 4195 985 4264 μὲν
1003 4195 1025 4246 Ι)
1045 4194 1114 4247 Δολε
1138 4193 1279 4246 ἀπέκτεινεν
1297 4194 1410 4247 Hercher
1527 4194 1553 4246 ἐν

196 4284 290 4336 delevit
309 4284 421 4336 Hercher
457 4282 461 4293 '
549 4280 714 4350 θκειμένυυς
733 4281 849 4351 ἀλλήλων
868 4283 938 4334 Λελτ
963 4282 1078 4351 κειμένου
1096 4280 1239 4351 ἀλλήλωλ)
1370 4280 1475 4342 ἐπέδειξε
1493 4296 1552 4349 pro·

195 4371 271 4437 ponit
289 4369 400 4423 Ilercher
508 4370 539 4422 12
558 4371 764 4422 καταιωνυῦσιλ)
874 4370 905 4422 14
927 4374 964 4438 τῳ
983 4372 1004 4422 Ι)
1024 4371 1093 4423 Αελ.;
1115 4370 1210 4422 delevit
1228 4369 1340 4422 Hercher
1447 4369 1478 4422 15
1495 4369 1553 4427 τοὺς

195 4455 221 4509 δέ
239 4455 385 4527 ὀφθαλμούς
401 4458 437 4510 D:
460 4457 505 4516 τδς
522 4457 548 4510 δὲ
568 4456 708 4527 ὀφθαλμίας
727 4458 784 4510 Δελ.
918 4458 949 4509 17
973 4460 1016 4510 καί
1034 4458 1124 4509 addidi
1143 4474 1175 4510 ex
1194 4457 1303 4509 Aeliano
1437 4456 1468 4509 18
1490 4455 1552 4508 ἀπσ-

195 4541 338 4596 παύσωνται
358 4544 426 4597 Aah:
453 4543 595 4598 ίιποπαύσαν
615 4546 636 4597 Ι)
769 4543 804 4598 θθ
828 4545 974 4614 προσπίπτει
991 4544 1062 4598 λελι
1087 4544 1272 4613 προσπίπτοιλ)
1405 4543 1469 4601 οἶνός
1487 4544 1552 4596 ἐστιν

196 4630 278 4688 αὐτοῖς
297 4630 354 4683 Δελ.
452 4631 484 4683 21
504 4630 586 4701 τούτῳ
603 4632 638 4684 D:
656 4632 720 4703 τῷδε
736 4632 794 4685 Αελ.
892 4632 925 4684 22
945 4633 990 4701 μὲν
1008 4631 1114 4701 ἀγελαίῳ
1132 4631 1167 4696 δέ,
1185 4630 1316 4700 είθισμένω
1334 4633 1372 4685 sic
1388 4633 1426 4684 D:
1444 4630 1551 4701 ὀγελαίῳ

195 4719 241 4786 μὲν
255 4716 385 4788 είθισμένῳ
402 4715 609 4788 [τιτιθασευμένῳ
624 4724 685 4772 rest.
697 4717 801 4787 Reiske]
816 4718 872 4771 Αελ.
959 4721 1036 4788 πῶμα
1052 4720 1163 4772 Hereher
1250 4720 1284 4771 23
1300 4719 1345 4788 είς]
1358 4720 1389 4772 τὰ
1403 4720 1427 4777 ἐς
1440 4719 1553 4772 Ηυιυλιει

196 4806 230 4858 24
253 4805 278 4866 ἐξ
298 4804 386 4876 ὀρύζης
405 4806 474 4858 λελι
499 4805 617 4876 ἐξορύξας
637 4807 658 4859 D
781 4805 814 4858 25
838 4807 917 4876 σφίσιν
935 4805 1089 4877 ἀθροίσοντες
1108 4808 1178 4860 Aah:
1201 4808 1265 4877 φίσιν
1284 4806 1441 4877 ἀθροίσαντες
1460 4808 1481 4860 Ι)

196 4892 230 4947 26
254 4891 319 4966 ὀσμή
339 4893 408 4946 Aet:
430 4894 476 4946 καὶ
493 4893 558 4965 ὀσμή
577 4895 599 4946 Ι)
706 4894 740 4947 ⁶28
763 4893 913 4965 ἐμβαλόντος
932 4895 953 4947 D
1061 4893 1162 4966 ὀπώρας
1179 4895 1215 4947 D:
1239 4893 1341 4966 ὀπώραν
1359 4895 1416 4949 Αυλ.
