3510 5610
373 285 624 341 ARISTOPHANIS
645 285 826 339 HISTORIAE
845 286 1037 340 ANIMALIUM
1056 285 1203 340 ΕΡΙΤΟΜΕ
1222 286 1246 339 ΙΙ
1265 285 1376 339 27-32
1508 288 1545 353 4]

323 458 396 542 (27)
424 457 462 524 Oi
484 459 516 522 δὲ
537 460 634 546 νεφροὶ
655 461 727 545 πρὸς
746 464 784 544 τή
806 460 890 544 μάχει
911 463 1026 538 κεῖνται,
1050 460 1144 541 όμοιοι
1163 463 1222 529 τοῖς
1243 460 1338 537 ὑείοις,
1360 459 1496 545 ἀνωτέρω

251 562 283 625 δέ
305 563 321 624 6
344 561 434 631 δεξιὸς
455 565 556 640 κεῖται,
578 564 625 627 καὶ
647 563 733 649 ψαύει
755 561 844 646 άκρου
863 565 914 624 τοῦ
930 563 1049 647 ήπατος,
1072 563 1121 625 καὶ
1143 562 1255 626 ἐλάττω
1277 565 1400 647 πιμελήν
1423 561 1496 647 ἔχει.

250 663 352 750 ἔχουσι
374 666 476 728 δὲκαὶ
498 665 605 729 κοιλίαν
628 667 658 730 ἐν
681 667 802 734 έαυτυῖς.
846 665 879 727 ἐκ
902 665 934 727 δὲ
955 669 1012 727 τῶν
1039 668 1155 728 κοιλιῶν
1182 666 1290 729 τούτων
1317 667 1496 750 καθήκουσιν
1570 709 1574 717 -

249 768 290 836 εἰς
316 768 368 850 τὴν
396 767 492 831 κύστιν
521 769 618 853 πόροι,
645 768 696 832 δύο
725 768 777 851 μὲν
799 768 937 842 νεανικοί,
966 767 1048 830 άλλυι
1070 768 1102 830 δὲ
1124 770 1222 831 λεπτοὶ
1249 770 1421 854 φλεβώδεις,
1449 769 1497 831 καὶ

220 870 417 954 σέξήρτηνται
443 868 574 956 (φλέβες)
601 871 724 954 μέγεθος
754 868 883 956 ἔχουσαι.
932 875 974 954 τῷ
1003 871 1035 932 δὲ
1063 869 1097 933 έκ
1123 877 1175 955 τῆς
1202 871 1329 941 κύστεως
1356 872 1496 956 τραχήλῳ
1573 942 1576 948 Δ

253 976 415 1058 συνήνωται
436 975 469 1037 τὸ
493 974 611 1050 αἰδοῖον,
635 973 668 1038 έκ
689 974 722 1036 δέ
742 974 844 1036 τούτου
868 971 966 1057 ὄρχεις
987 970 1017 1034 έν
1041 972 1141 1058 δσχέιρ
1163 978 1279 1037 κεῖνται.

336 1076 408 1161 (28)
441 1074 498 1143 Τδν
520 1076 607 1140 αὑτὸν
630 1075 788 1160 δὲτρόπον
811 1076 859 1139 καὶ
881 1076 911 1138 έν
933 1080 971 1158 τῇ
996 1075 1099 1159 θηλείᾳ
1121 1076 1231 1162 πέφυκε
1253 1078 1345 1140 πάντα
1367 1078 1402 1140 τά
1425 1077 1498 1140 αῦτά

250 1180 298 1243 καὶ
325 1180 525 1264 παραπλήσια·
560 1179 689 1265 διαφέρει
714 1180 747 1241 δὲ
773 1178 856 1241 οὐδὲν
884 1179 902 1261 ἦ
929 1181 990 1247 ταῖς
1017 1176 1157 1262 ὑστέραις.
1243 1179 1314 1261 (29)
1341 1177 1402 1242 ἔστι
1425 1181 1497 1263 δέη

250 1282 335 1366 φύσις
357 1288 409 1366 τῆς
431 1281 551 1367 ὑστέρας
578 1283 739 1368 νευρῶδης,
768 1281 865 1364 όλίηην
894 1280 1000 1364 σαρκός
1027 1283 1128 1364 μοῖραν
1155 1279 1266 1366 ἔχουσα
1293 1281 1386 1351 ἐντός·
1420 1283 1439 1366 ή
1466 1282 1499 1344 δέ

208 1401 238 1444 10
250 1386 330 1455 θέσις
352 1385 443 1468 αὐτῆς
464 1383 569 1467 μεταξύ
592 1385 686 1470 ἀρχοῦ
708 1385 756 1447 καὶ
778 1384 916 1459 κύστεως,
941 1385 1039 1467 μικρὸν
1063 1384 1195 1469 ὑπεράνω
1218 1389 1270 1468 τῆς
1291 1386 1379 1470 ἥβης·
1410 1387 1443 1448 τδ
1466 1385 1498 1448 δέ

250 1493 354 1573 σχῆμα
380 1486 471 1571 αὐτῆς
497 1487 531 1550 ἐκ
556 1491 614 1549 τῶν
641 1488 815 1572 ὑπογραφῶν
830 1492 900 1549 ’τῶν
927 1485 957 1549 έν
984 1490 1046 1555 ταῖς
1072 1487 1228 1570 ἀνατομαῖς
1255 1487 1416 1571 θεωρεῖται.

249 1589 322 1673 (30)
349 1593 519 1672 συγκινεῖται
546 1590 579 1652 δέ
606 1591 622 1652 ό
649 1590 795 1674 τράχηλος
822 1594 874 1673 τῆς
901 1590 1011 1673 μήτρας
1036 1594 1073 1671 τῇ
1100 1590 1210 1674 διανοίᾳ
1236 1591 1369 1675 καθάπερ
1396 1589 1498 1654 καὶτὸ

248 1698 300 1756 τοῦ
323 1693 427 1777 ἀνδρὸς
449 1693 557 1756 αἰδοῖον
580 1693 652 1777 πρὸς
673 1693 723 1762 τὰς
750 1691 907 1775 ἐπιθυμίας
933 1692 1119 1776 ἀναχωροῦν,
1146 1691 1208 1756 άνω
1233 1694 1280 1756 καὶ
1306 1694 1395 1756 κάτω.
1439 1689 1500 1754 ἔστι

249 1797 283 1859 δὲ
305 1794 354 1858 ότε
376 1795 423 1858 καὶ
445 1795 643 1881 ἀπροαιρέτως
665 1795 771 1864 καλεῖς
792 1795 828 1858 τὰ
850 1794 927 1864 δεῖιά
949 1795 997 1857 καὶ
1019 1795 1060 1864 εἰς
1080 1795 1116 1858 τὰ
1137 1795 1274 1879 εὐώνυμα
1296 1795 1441 1881 ἀναβαίνει
1463 1794 1497 1856 ού

209 1915 236 1960 15
250 1900 337 1984 μόνον
361 1901 377 1962 ό
400 1899 547 1983 τράχηλος
568 1898 672 1983 αὐτῆς,
694 1898 769 1961 ἀλλὰ
790 1899 839 1961 καὶ
860 1898 893 1960 τό
915 1897 982 1960 όλον
1005 1897 1103 1967 κύτος·
1138 1899 1193 1963 εἰσὶ
1216 1900 1248 1962 δὲ
1271 1899 1318 1967 αἶς
1339 1900 1388 1962 καὶ
1411 1899 1499 1961 ἀνεδι-

249 2003 358 2085 πλώθη
387 2002 435 2065 καῖ
462 2003 533 2085 πρὸς
559 2003 611 2085 τὴν
639 2001 805 2086 ἐπιφάνειαν
827 2001 928 2086 ἦλθεν.
973 2001 1048 2064 ἀλλὰ
1069 2003 1134 2085 περὶ
1158 2002 1208 2086 μέν
1231 2006 1288 2065 τῶν
1312 2003 1419 2086 μορίων
1441 2007 1499 2064 τῶν

251 2107 333 2174 ἐντός
358 2105 406 2167 καὶ
433 2105 516 2173 έκτδς
543 2107 583 2173 ῶς
610 2104 640 2167 έν
667 2105 826 2188 ἐπιδρομῆς
849 2103 928 2189 μέρει
951 2103 998 2165 ἐπὶ
1020 2103 1155 2168 τοσοῦτόν
1180 2129 1228 2188 μοι
1250 2103 1497 2190 ἐπιτετρυχάσθω.

334 2206 406 2289 (31)
429 2203 570 2292 Ἀρχεται
592 2208 624 2269 δὲ
646 2206 768 2291 όάρρην
790 2206 884 2292 φέρειν
907 2208 939 2270 τδ
962 2206 1077 2291 σπέρμα
1099 2207 1214 2291 περὶτὰ
1236 2208 1432 2290 δεκατέσσαρα
1448 2203 1498 2288 ἔτη

248 2309 411 2394 γενόμενος,
431 2308 480 2373 ότε
499 2310 546 2373 καὶ
563 2315 624 2379 ταῖς
639 2310 770 2394 θηλείαις
783 2310 820 2372 τὰ
834 2311 997 2394 καταμήνια
1019 2306 1023 2395 )
1044 2312 1224 2396 δειχματίίει.
1289 2310 1360 2394 (32)
1381 2314 1465 2395 γεννᾷ
1478 2323 1551 2368 1330

199 2520 208 2570 1
234 2519 332 2588 νεφροὶ]
351 2517 432 2569 Arist.
445 2517 506 2568 hist.
519 2517 598 2568 anim.
612 2513 634 2568 A
647 2517 677 2568 17
696 2533 722 2585 p.
733 2516 843 2570 496b34
865 2517 928 2586 μετὰ
950 2516 976 2569 δέ
999 2521 1078 2570 ταῦτα
1102 2519 1124 2570 σί
1148 2519 1231 2588 νεφροί
1255 2518 1316 2590 πρός
1339 2517 1403 2588 αὑτή
1426 2521 1458 2587 τή
1483 2517 1552 2588 μάχει

196 2613 303 2671 κεῖνται,
324 2604 404 2672 όμοιυι
424 2603 470 2673 τήν
492 2602 563 2672 φύσιν
582 2602 650 2662 ὄντες
668 2611 719 2662 τοῖς
738 2604 833 2673 βοείοις.
865 2604 988 2674 ἀνῶτιρος
1011 2604 1037 2657 δέ
1060 2605 1073 2658 ό
1096 2605 1172 2666 δεξιός
1194 2606 1258 2658 έστιν
1280 2606 1306 2658 έν
1328 2611 1386 2658 πᾶσι
1407 2613 1458 2664 τοῖς
1481 2605 1553 2674 ζῴοις

194 2701 245 2752 τοῖς
264 2693 350 2762 έχουσι
367 2690 482 2761 νεφρούς·
505 2693 549 2743 καὶ
567 2690 664 2744 ἐλάττω
682 2691 707 2743 δὲ
726 2691 832 2760 πιμελὴν
850 2691 902 2761 ἔχει
920 2696 964 2744 τοῦ
983 2694 1110 2763 ἀριστεροῦ
1128 2695 1172 2747 καλ
1190 2692 1375 2763 αὑχμηρότερος
1393 2692 1406 2745 6
1426 2691 1501 2753 δεξιός

194 2781 212 2834 3
233 2779 330 2850 έχουσι]
350 2779 430 2831 Arist.
446 2778 463 2830 1.
477 2794 498 2830 0.
517 2795 544 2847 p.
555 2778 660 2831 497211
687 2778 770 2848 έχουσι
789 2780 814 2833 δέ
833 2779 936 2844 κοιλίαν,
955 2778 1038 2850 ὥσπερ
1057 2779 1163 2850 εἴρηται,
1182 2782 1280 2852 μικράν.
1312 2782 1341 2833 ἐκ
1360 2781 1385 2833 δὲ
1404 2784 1448 2832 τοῦ
1467 2780 1553 2832 κοίλου

194 2875 246 2920 τῶν
265 2872 363 2936 νεφρῶν
380 2867 496 2936 φέρουσιν
514 2865 547 2924 είς
564 2866 611 2936 τὴν
629 2865 714 2918 κύστιν
733 2867 805 2937 πόροι
823 2865 866 2919 δύο
888 2870 995 2920 νεανικοὶ
1018 2870 1062 2921 καὶ
1083 2869 1153 2921 ἀλλοι
1174 2870 1203 2922 έκ
1222 2873 1268 2939 τῆς
1286 2870 1378 2939 ἀορτής
1397 2870 1492 2939 ἰσχυροὶ
1510 2869 1553 2919 καὶ

196 2961 312 3024 συνεχεῖς.
343 2955 372 3006 ἐκ
391 2954 469 3021 μέσου
487 2951 513 3005 δέ
531 2959 582 3006 τῶν
601 2961 697 3024 νεφρῶν
716 2956 834 3023 ἑκατέρου
854 2953 919 3024 φλὲψ
937 2954 1010 3026 κοίλη
1029 2957 1072 3007 καὶ
1090 2955 1214 3027 νευμιὺδης
1233 2955 1365 3027 ἐξήρτηται
1481 2956 1496 3008 5
1514 2960 1553 3024 τῷ

195 3043 221 3096 δέ
240 3046 271 3095 έκ
288 3047 335 3111 τῆς
352 3039 476 3109 κύστεως]
499 3041 578 3093 Arist.
597 3041 613 3093 l.
627 3058 649 3093 c.
668 3058 693 3110 p.
706 3041 814 3094 497224
838 3042 899 3111 πρὸς
920 3041 946 3095 δὲ
966 3043 1010 3095 τόν
1031 3043 1125 3096 καυλόν
1146 3044 1188 3096 τὸν
1209 3049 1254 3114 τῆς
1274 3043 1385 3101 κύστεως
1404 3043 1553 3112 συνήρτηται

195 3131 224 3184 τό
241 3130 333 3183 αέῦοῖον
347 3164 354 3178 .
367 3164 374 3178 .
388 3164 395 3178 .
407 3126 496 3181 τούτου
518 3127 540 3180 δ’
557 3127 704 3200 έξήρτηνται
725 3130 749 3181 οἱ
770 3129 852 3200 ὄρχεις
873 3137 923 3189 τοῖς
945 3131 1028 3201 ἄρρεσι
1169 3133 1184 3184 6
1208 3131 1290 3203 ὄρχεις
1311 3133 1337 3184 έν
1358 3129 1453 3199 ὄσχέιρ]
1472 3132 1553 3182 Arist.

196 3219 212 3270 l.
225 3236 247 3270 c.
261 3215 305 3270 Γ1
326 3233 353 3284 p.
364 3216 469 3269 510211
493 3216 516 3268 οῖ
534 3217 579 3284 μέν
597 3214 681 3268 αὑτῶν
694 3217 777 3286 έχουσι
795 3215 853 3269 καθ’
865 3217 954 3276 αὑτοὺς
972 3219 1030 3277 τοῦς
1045 3218 1134 3289 ὄρχεις,
1152 3219 1175 3271 οἱ
1190 3218 1208 3271 δ’
1221 3220 1247 3271 έν
1264 3223 1297 3290 τή
1311 3218 1453 3288 καλουμένη
1467 3217 1552 3288 ὄσχέφι,

197 3306 248 3359 ὑσοι
265 3302 360 3366 ἔξωθεν
486 3304 503 3355 7
525 3304 568 3356 τὸν
587 3302 662 3355 αὑτὸν
680 3302 706 3356 δὲ
724 3304 827 3374 τρόπον]
847 3304 928 3357 Arist.
944 3305 960 3357 l.
975 3322 996 3358 ο.
1010 3302 1033 3357 Α
1045 3305 1076 3357 17
1095 3322 1120 3373 p.
1133 3305 1241 3359 497230
1263 3307 1307 3359 τόν
1325 3305 1399 3358 αὑτόν
1418 3305 1443 3358 δὲ
1462 3296 1570 3375 τρόπον’

197 3395 239 3446 καὶ
257 3394 283 3445 έν
301 3396 338 3462 τῷ
358 3390 430 3461 θήλει
448 3393 528 3443 πάντα
546 3392 669 3461 πέφυκεν·
694 3391 803 3461 διαφέρει
821 3393 866 3462 γὰρ
885 3390 967 3444 ούθενλ
985 3398 1036 3445 τῶν
1054 3392 1105 3445 έσω
1124 3393 1189 3463 πλὴν
1207 3400 1259 3452 ταῖς
1278 3393 1397 3463 ὑστέραις,
1419 3393 1456 3446 ῶν
1473 3395 1489 3463 6
1509 3394 1553 3462 μέν

165 3468 174 3485 ⁰
196 3482 251 3550 ὄψις
269 3478 416 3551 θεωρείσθω
435 3480 466 3532 ἐκ
483 3483 529 3548 τῆς
546 3479 683 3549 διαγραφής
701 3483 746 3549 τῆς
764 3480 790 3532 έν
807 3487 861 3538 ταῖς
879 3479 1025 3549 ἀνατομαῖς,
1049 3481 1065 3549 6
1088 3480 1113 3532 δὲ
1136 3479 1203 3540 θέσις
1225 3482 1289 3534 ἐστὶν
1308 3482 1348 3534 έπὶ
1366 3470 1416 3539 τοῖς
1435 3483 1552 3551 ἐντέροις·

198 3571 236 3623 ἐπὶ
258 3569 286 3622 δέ
308 3573 355 3638 τῆς
378 3567 480 3637 ὑστέρας
502 3567 519 3636 6
543 3565 635 3625 κύστις.
671 3564 772 3619 λεκτέον
795 3566 821 3619 δέ
844 3568 887 3619 καὶ
908 3569 963 3640 περὶ
981 3568 1090 3637 ὑστερῶν
1109 3573 1181 3639 κοινή
1199 3575 1286 3621 πασῶν
1305 3570 1399 3628 ἐντοῖς
1417 3569 1552 3630 ἑπομένοις.

197 3656 228 3710 σί.
242 3653 286 3711 ΓΙ
308 3672 334 3723 p.
347 3654 439 3708 510115
580 3653 653 3708 510
672 3654 689 3723 6
707 3654 733 3706 δέ
752 3653 830 3722 θέσις]
849 3655 929 3708 An‘st.
943 3672 1030 3723 gener.
1043 3656 1122 3708 anim.
1136 3653 1156 3708 Γ
1171 3655 1182 3706 1
1205 3672 1231 3724 p.
1245 3655 1351 3708 749229
1376 3658 1419 3709 καὶ
1437 3657 1483 3726 γὰρ
1501 3663 1552 3708 τῶν

197 3743 391 3814 ζῳυτοκυύντων
403 3744 435 3794 τὰ
449 3742 494 3809 μὲν
511 3741 564 3792 ἀνω
577 3740 639 3810 πρὸς
656 3744 694 3810 τῷ
707 3740 853 3809 ὑποζώματι
872 3742 924 3813 ἔχει
937 3743 981 3800 τὰς
998 3741 1108 3812 ὑστέρας,
1126 3743 1196 3795 τὰδὲ
1209 3745 1279 3795 κάτω
1298 3743 1359 3812 πρὸς
1377 3750 1427 3801 τοῖς
1445 3742 1554 3812 ἄρθροις,

198 3833 250 3884 α’νω
268 3833 314 3900 μέν
332 3831 364 3883 τὰ
383 3828 525 3898 σελαχώδη,
543 3831 615 3881 κάτω
632 3828 658 3881 δὲ
676 3829 708 3881 τὰ
727 3830 770 3880 καὶ
785 3830 810 3881 ἐν
823 3829 906 3888 αὑτοῖς
924 3830 1098 3899 ζῳοτοκοῦντα
1117 3831 1159 3882 καλ
1177 3828 1276 3900 θύραζε,
1294 3830 1345 3882 οἷον
1363 3829 1553 3899 ἄνθρωποςκαὶ

196 3920 269 3978 ῐππος
288 3920 331 3970 καὶ
349 3924 402 3969 τῶν
420 3915 504 3969 ἄλλων
522 3916 627 3968 ἕκαστον
647 3914 845 3968 τῶντοιούτων.
873 3917 905 3968 cf.
923 3917 1013 3970 Galen.
1025 3918 1049 3970 11
1062 3917 1112 3969 887
1127 3918 1159 3970 K.
1304 3917 1335 3969 16
1359 3918 1414 3987 περὶ
1436 3918 1481 3985 μέν
1501 3923 1553 3970 τῶν

199 4005 304 4078 μορίων]
324 4007 404 4058 Arist.
421 4005 439 4056 l.
451 4020 474 4056 ο.
487 4001 509 4057 Α
522 4003 553 4055 17
572 4019 597 4070 p.
608 4002 697 4055 497111
718 4005 749 4056 τὰ
767 4004 812 4072 μέν
825 4002 868 4055 οὑν
886 4004 959 4073 μόρια
977 4007 1065 4058 καὶτὰ
1077 4005 1146 4063 ἐντὸς
1164 4007 1250 4059 καὶτὰ
1267 4005 1338 4064 ἐκτὸς
1354 4010 1399 4058 τοῦ
1418 4003 1553 4075 ἀνθρώπου

197 4100 275 4147 ταῦτα
297 4095 341 4146 καὶ
361 4097 476 4155 τοιαῦτα,
497 4092 541 4143 καὶ
560 4095 648 4143 τοῦτον
668 4090 720 4160 έχτι
741 4091 783 4142 τόν
800 4091 892 4161 τρόπον
1036 4091 1067 4144 18
1091 4091 1206 4162 ἄρχεται]
1229 4091 1261 4145 τί.
1279 4108 1356 4159 συρτει
1373 4108 1399 4160 p.
1411 4092 1476 4158 20,3
1494 4109 1552 4145 cum

198 4184 267 4235 notis
359 4179 390 4231 19
407 4178 492 4248 γεννᾷ]
509 4179 589 4230 Arist.
602 4180 663 4231 hist.
676 4180 754 4231 anim.
768 4176 790 4231 H
803 4179 818 4231 5
837 4195 863 4246 p.
873 4178 981 4232 585234
999 4178 1065 4250 ἀρχή
1079 4178 1104 4231 δὲ
1117 4184 1170 4237 ταῖς
1182 4177 1274 4248 γυναιξὶ
1286 4184 1331 4232 τοῦ
1347 4176 1495 4232 τεκνοῦσθαι
1510 4180 1553 4231 καὶ

197 4277 247 4327 τοῖς
263 4270 347 4338 α’ρρεσι
359 4271 404 4319 τοῦ
421 4271 533 4332 τεκνοῦν,
551 4267 594 4318 καὶ
605 4265 688 4318 παῦλα
704 4266 861 4338 ἀμφοτέροις,
879 4274 929 4324 τοῖς
942 4267 986 4334 μέν
1005 4266 1078 4336 ήταῦ
1097 4268 1237 4336 σπέρματος
1250 4267 1346 4338 πρόεσις
1362 4273 1416 4325 ταῖς
1433 4265 1453 4318 δ’
1466 4266 1483 4336 ή
1501 4273 1553 4318 τῶν

198 4356 368 4424 καταμηνίων,
387 4354 451 4423 πλὴν
465 4352 515 4406 οὔτ’
528 4354 674 4423 ἀρχομένων
685 4354 774 4422 γόνιμα
787 4352 860 4412 εὑθῦς
873 4351 923 4406 οὔτ’
935 4353 971 4407 έτι
984 4353 1073 4422 ἀλέγων
1085 4352 1235 4424 γιγνομένων
1254 4355 1297 4406 καὶ
1311 4352 1431 4407 ἀσθενῶν.
1458 4354 1490 4406 cf.
1503 4351 1526 4406 Η
1539 4354 1550 4405 1

198 4443 341 4512 p.582216
360 4444 434 4513 μέχρι
452 4442 497 4510 μὲν
515 4441 558 4493 οῦν
574 4447 627 4494 τῶν
644 4441 696 4511 τρῖς
714 4441 777 4494 έπτά
795 4441 859 4494 έτῶν
877 4440 907 4494 τὸ
926 4443 970 4511 μὲν
988 4448 1088 4513 πρῶτον
1107 4442 1183 4512 ἄμυνα
1201 4444 1232 4494 τὰ
1250 4442 1379 4511 σπέρματά
1397 4442 1461 4495 ἐστιν

201 4618 211 4669 l
239 4615 311 4674 ὑείοις
329 4616 365 4668 D:
391 4615 477 4684 βοείαις
496 4616 662 4669 scribendum
680 4632 712 4667 ex
730 4615 811 4668 Arist.
936 4617 952 4668 4
977 4614 1061 4669 λεπτοὶ
1079 4614 1214 4685 φλεβῶδεις
1232 4619 1382 4684 corruptum
1400 4617 1502 4670 videtur

199 4702 326 4772 όφλέβες
344 4702 433 4755 addidi
545 4702 718 4754 6συνένωται
735 4703 766 4754 Ι).
796 4718 864 4756 anne
883 4704 1047 4756 scribendum
1066 4702 1233 4773 συνήρτηταιέ
1345 4702 1427 4773 όσχέιρ
1446 4704 1552 4772 scripsi:

199 4789 316 4860 όσχίῳΙ)
424 4787 551 4859 θέχουσα
570 4790 675 4857 scripsi:
695 4789 840 4859 έχουσανΙ)
944 4790 975 4842 15
994 4789 1072 4860 αὑτῆς
1090 4791 1195 4858 scripsi:
1219 4791 1348 4860 έαυτῆςλ)
1453 4790 1483 4844 16
1502 4796 1554 4842 τῶν

198 4877 291 4948 μορίων
309 4878 427 4930 iteratD
