3510 5610
219 332 260 400 36
383 331 387 341 ’
756 332 926 388 PRISCIANI
945 331 1024 387 LYDI

273 510 477 593 τελειωθῆναι·
512 509 599 573 τὸδὲ
624 509 716 592 πρίν,
745 508 772 570 εἰ
793 509 841 571 καὶ
872 508 919 570 ἐπὶ
946 513 998 591 τῆς
1019 513 1133 593 ψυχῆς,
1166 509 1229 572 ἀλλ’
1258 509 1320 574 ούτι
1341 532 1374 592 γε
1400 507 1449 570 ἐπὶ
1471 509 1524 569 τοῦ

275 613 471 696 μετεχομένου
493 617 543 675 νοῦ
570 607 714 696 χρονικῶς
736 611 906 686 ἀκουστέον,
937 610 1010 674 κατὰ
1032 611 1137 694 δὲτὴν
1161 612 1259 697 ύφεσιν
1288 615 1336 675 καὶ
1359 613 1409 674 τὸν
1431 610 1524 673 ἐπινυ-

274 713 395 797 ούμενον
411 715 560 800 χωρισμὸν
583 715 631 777 καὶ
653 712 726 777 κατὰ
748 714 800 796 τήν
820 712 908 776 αὐτοῦ
932 712 1069 796 ἰὸιύτητα.
1104 717 1144 782 ῶς
1165 714 1218 800 γὰρ
1235 714 1387 800 ύφειμένος
1405 697 1458 776 ’καὶ
1481 713 1523 780 ῶς

273 814 360 885 αὐτὸς
383 818 398 879 ὸ
419 819 539 898 δυνάμει
561 821 627 886 νοῦς
648 814 730 879 ούπω
752 816 926 901 ἐντελέχεια,
949 814 1012 878 ἀλλ’
1033 816 1052 898 ἢ
1075 822 1118 901 τῷ
1141 820 1249 903 πρώτῳ
1273 818 1444 881 συνάπτεται
1468 815 1508 877 ύπ

245 918 383 981 υέιιείνου
406 920 602 1004 τελειούρενος
625 921 733 1003 μᾶλλον
757 919 789 982 δὲ
811 918 874 982 κατ’
904 920 1012 982 ἐκεῖνον
1036 918 1137 982 ἑαυτὸν
1159 922 1286 981 τελειῶν.

354 1018 418 1084 Ἐπὶ
441 1023 473 1085 δέ
488 1022 598 1091 τούτοις
617 1021 774 1105 ἐκθέμενος
795 1021 832 1084 τὸι
849 1018 1077 1106 Ἀριστοτέλους,
1101 1022 1131 1084 ἐν
1150 1021 1194 1091 οἷς
1208 1021 1317 1091 ἐκεῖνος
1338 1023 1374 1085 τὸ
1389 1018 1522 1107 χωριστὰ
1543 1035 1571 1092 w

273 1124 320 1186 καί
344 1123 419 1186 άυλα
441 1124 482 1193 εἰς
502 1123 605 1187 ταύτὸν
628 1123 690 1206 ἄγει
711 1128 755 1209 τῷ
776 1128 830 1210 νῷ,
850 1104 883 1186 ἐν
907 1125 939 1187 δὲ
960 1129 1019 1192 τοῖς
1040 1124 1149 1193 ἐνύλοις
1171 1126 1289 1208 δυνάμει
1305 1124 1426 1188 ἕκαστον
1450 1123 1523 1188 εἶναι

272 1230 330 1287 τῶν
353 1231 464 1309 νοητῶν
487 1228 533 1290 καὶ
556 1225 668 1295 τούτοις
695 1228 734 1309 μή
758 1227 928 1312 ἐνυπάρχειν
950 1228 998 1290 τὸν
1021 1231 1102 1301 νοῦν,
1134 1227 1317 1311 ἐπιδιαρθροῖ
1336 1251 1368 1290 τε
1388 1228 1425 1291 τὸ
1447 1229 1522 1312 εἰρη-

275 1327 347 1409 μένα
373 1330 421 1392 καί
443 1329 584 1412 ἐπαπορεῖ
604 1354 674 1393 τινα.
720 1329 766 1391 ῖνα
792 1327 842 1391 οῦν
868 1330 916 1392 καὶ
944 1328 1052 1391 τούτων
1079 1328 1256 1413 σαφέστερον
1284 1329 1520 1415 άντιλαβιύμεθα,

233 1445 258 1488 ιο
273 1430 308 1491 τὸ
328 1429 546 1515 Ἀριστοτέλους
569 1434 638 1514 ήμῖν
660 1431 919 1517 προδιαρίθρωτέον
943 1434 983 1500 ῶς
1003 1431 1064 1494 οῖύν
1086 1455 1117 1494 τε
1133 1431 1180 1494 διὸ
1202 1431 1346 1517 βραχέων.
1382 1433 1522 1516 ἐπειδή,
1535 1448 1574 1494 εει

273 1533 354 1618 φησί,
377 1534 416 1596 τὸ
440 1534 501 1618 μέν
524 1535 615 1597 ἐστιν
638 1535 672 1597 ἐν
696 1535 760 1618 ύλή
783 1535 822 1597 τὸ
844 1536 881 1598 δὲ
904 1533 983 1597 ἄνευ
1007 1535 1105 1618 ῦλης,
1128 1535 1225 1596 ὁποῖαι
1247 1536 1277 1597 αἱ
1299 1535 1451 1618 ἀσώματοι
1472 1538 1521 1600 καί

271 1637 413 1719 χωρισταὶ
435 1635 545 1710 οὐσίαι,
575 1637 609 1699 ἐν
633 1637 693 1720 μὲν
715 1643 787 1706 τοῖς
810 1637 998 1723 χωρῖστοῖς
1020 1635 1143 1700 ταὸτύν
1174 1637 1248 1701 ἐστι
1278 1638 1316 1700 τὸ
1338 1643 1441 1701 νοοῦν
1463 1642 1520 1703 καὶ

271 1739 309 1801 τὸ
332 1739 528 1823 νοούμενον.
575 1739 592 1802 δ’
613 1764 644 1803 τε
666 1741 719 1825 γὰρ
741 1744 807 1809 νοῦς
829 1739 882 1803 οὐκ
904 1737 960 1808 ἔξω
982 1738 1202 1822 ἀποτεινόμενος
1224 1738 1287 1802 ἀλλ’
1315 1740 1345 1803 ἐν
1368 1743 1450 1826 αύτῷ
1473 1742 1523 1824 μέ

264 1829 329 1903 Ινων
351 1847 413 1904 νοεῖ
433 1842 468 1904 τὸ
491 1845 658 1926 πράγματα·
686 1844 729 1906 διὸ
753 1844 768 1905 ὸ
791 1841 878 1911 αὐτὸς
899 1848 958 1911 τοῖς
979 1847 1105 1925 νοητοῖς·
1127 1843 1164 1904 τά
1185 1865 1217 1904 τε
1239 1841 1315 1905 άυλα
1336 1843 1429 1907 πάντα
1452 1846 1521 1927 ἀμέ-

234 1959 260 2004 15
273 1965 354 2029 ριστα
377 1943 445 2008 δ’ντα
467 1947 515 2008 καὶ
539 1949 617 2028 ζωῆς
646 1947 694 2008 καλ
715 1948 851 2029 γνώσεως
877 1948 974 2029 πλήρη
1001 1945 1086 2027 νοερὰ
1108 1946 1242 2029 τυγχάνει
1271 1943 1352 2009 ύντα·
1386 1948 1449 2010 ἐπεὶ
1471 1951 1521 2012 καὶ

272 2048 308 2110 τὸ
331 2048 382 2130 μὲν
405 2047 531 2130 αἰσθητὰ
553 2047 601 2110 διὸ
623 2048 670 2110 τὸν
694 2049 790 2111 ὑλικὸν
813 2049 993 2130 διασπασμὸν
1017 2047 1124 2129 ἑτέροις
1146 2048 1222 2110 ἐστὶν
1244 2049 1382 2132 αἰσθητά,
1406 2051 1521 2120 ἑαυτοῖς

274 2151 306 2213 δὲ
329 2148 390 2212 ἔνιοι
408 2151 561 2232 οὐδαμῶς·
584 2152 620 2213 τὸ
642 2151 674 2214 δέ
696 2150 770 2213 άυλα
789 2151 878 2234 νοητὸι
901 2149 969 2213 ὄντα
990 2152 1037 2213 καὶ
1060 2149 1150 2232 ταύτῃ
1172 2155 1231 2212 τῶν
1254 2151 1404 2235 αἰσθητῶν
1427 2154 1519 2238 διενή-

274 2276 353 2337 νοχε,
376 2259 417 2337 τῷ
443 2255 483 2336 μή
500 2254 672 2317 διεσπάσθαι
695 2253 825 2316 άπὸ-τοῦ
848 2257 981 2320 νοοῦντος
1005 2253 1078 2335 μηδὲ
1098 2250 1207 2320 ἔξωθεν
1230 2255 1420 2329 τελειοῦσθαι,
1444 2256 1521 2319 ἀλλὰ

273 2357 389 2424 τελείως
411 2355 463 2440 ἀφ’
491 2357 601 2419 ἑαυτῶν
624 2355 696 2419 εἰναι
719 2358 817 2440 νοητά.
855 2357 899 2418 διὸ
922 2357 970 2419 καὶ
992 2360 1112 2418 νοοῦντα
1134 2352 1176 2417 ἔτι
1198 2354 1339 2438 ἀμέριστα
1361 2356 1430 2421 ὄντα
1450 2359 1521 2442 άμε-

234 2473 261 2517 υο
275 2458 378 2542 ρίστως
400 2461 447 2522 καί
463 2464 506 2546 tq?
529 2463 639 2522 νοοῦντι
659 2461 778 2543 ήνωται,
801 2459 848 2521 καῖ
872 2458 928 2522 ύλαΙ
948 2457 984 2522 δι’
1006 2458 1081 2522 ὸλων
1105 2455 1173 2520 ὄντα
1195 2458 1284 2539 νοητὰ
1306 2457 1360 2521 ύλα
1383 2459 1421 2522 δι’
1442 2460 1520 2524 ὅλων

272 2563 381 2646 ἥνωται
404 2567 446 2646 τῷ
462 2567 516 2648 νιγῖ,
539 2563 587 2625 καὶ
609 2561 642 2624 ού
666 2562 739 2624 κατὰ
761 2561 945 2646 συμβεβηκὸς
966 2562 1042 2624 άλλὸι
1063 2558 1126 2624 κατ’
1147 2560 1246 2623 οὐσίαν
1270 2558 1337 2624 ὄντα
1359 2563 1448 2645 νοητὰ
1470 2566 1519 2628 καί

271 2663 365 2727 τέλεια
388 2663 456 2728 ὄντα
478 2663 541 2728 κατ’
562 2664 672 2739 ούσῖαν,
694 2667 741 2728 καὶ
764 2664 812 2728 διὸ
832 2667 916 2726 τοῦτο
938 2665 985 2726 καλ
1000 2663 1096 2726 τέλεια
1117 2663 1191 2726 κατὰ
1213 2664 1265 2745 τήν
1281 2652 1386 2727 οἰῖιεῖαν
1409 2666 1520 2741 οὐσίαν,

229 2826 232 2831 .
271 2766 360 2849 νοητὰ
382 2766 428 2850 εἴη
452 2765 485 2829 ἂν
508 2769 555 2830 καί
585 2773 703 2831 νοοῦντα
730 2768 766 2830 τὸ
787 2767 876 2830 αύτά·
911 2766 958 2829 ἵνα
979 2767 1027 2828 καὶ
1046 2763 1113 2829 καθ’
1142 2765 1231 2829 ἑαυτὸ
1257 2763 1277 2848 ή
1302 2768 1390 2851 νοητά
1418 2773 1522 2834 τεκαὶ

271 2868 366 2932 τέλεια
389 2870 487 2954 νοητά.
533 2872 548 2934 ὁ
576 2870 608 2933 δέ
626 2867 828 2955 Ἀριστοτέλης
856 2870 904 2932 καὶ
931 2870 988 2931 άπὸ
1016 2874 1069 2952 τῆς
1097 2868 1259 2952 ἐπιστήμης
1286 2869 1449 2954 ὑπέμνησεν
1477 2872 1522 2936 ὅτι

230 2972 306 3034 τὸέν
333 2976 407 3041 τοῖς
437 2978 628 3056 χωριστοῖς
653 2973 779 3037 ταύτὸν
810 2974 846 3035 τὸ
873 2976 973 3034 νοοῦν
1005 2973 1061 3035 καὶ
1090 2972 1127 3035 τὸ
1161 2970 1359 3053 νοούμενον.
1407 2975 1428 3056 ἡ
1456 2975 1522 3059 γὰρ

271 3077 447 3160 ἐπιστήμη
476 3057 739 3159 ήθεωρητική,
769 3075 855 3158 φησί,
885 3076 942 3136 καὶ
969 3075 1005 3136 τὸ
1032 3073 1142 3142 ούτως
1172 3074 1360 3158 ἐπιστητὸν
1394 3076 1521 3142 ταύτύν

271 3180 360 3253 ἐστι,
383 3176 526 3240 τουτέστιν
549 3180 569 3260 ἡ
591 3178 644 3261 γὰρ
667 3178 830 3261 ἐπιστήμη,
860 3177 953 3239 καίτοι
975 3173 1031 3245 ἔξω
1054 3175 1115 3238 οὐδ’
1143 3175 1220 3245 δλως
1242 3177 1464 3263 άποτεινομένη,
1488 3181 1520 3244 ἐν

273 3282 365 3365 έαυιή
389 3281 421 3344 δὲ
444 3280 571 3363 μένουσα
599 3280 647 3342 καλ
670 3279 741 3342 εἴσω
767 3279 937 3362 ἐνεργοῦσα,
966 3277 1047 3361 ὅμως
1069 3279 1234 3363 θεωρητικὴ
1263 3285 1320 3342 τῶν
1342 3284 1521 3364 πραγμάτων

165 3432 174 3450 .
272 3386 406 3468 τυγχάνει
427 3381 515 3457 ούσα,
546 3383 594 3446 καί
616 3383 649 3445 τὸ
673 3383 765 3450 οῦτως
786 3382 939 3465 ἐπιστητὸν
961 3379 1063 3443 ταύτύν
1086 3381 1172 3444 ἐστιν.
1216 3381 1280 3469 ἐπεὶ
1301 3382 1354 3466 γὰρ
1377 3383 1521 3471 ἐπιστητά

231 3502 258 3547 ³0
271 3509 365 3570 φαμεν
388 3485 435 3549 καὶ
457 3486 494 3548 τὸ
516 3483 602 3549 ἔνυλα
629 3486 677 3548 καὶ
699 3485 735 3547 τὰ
757 3484 786 3554 ἐξ
809 3483 1001 3569 ἀφαιρέσεως,
1033 3482 1089 3567 οῦχ
1112 3486 1153 3552 ῶς
1182 3485 1343 3569 συστούχως
1370 3485 1445 3550 αὐτὸ
1467 3494 1521 3572 τῆς

272 3590 434 3673 ἐπιστήμης
449 3588 628 3673 θεωρούσης,
651 3586 715 3650 ἀλλ’
736 3591 777 3655 ῶς
792 3587 849 3649 άπὸ
871 3587 969 3649 αἰτίων
993 3591 1050 3648 τῶν
1073 3585 1103 3648 ἐν
1123 3586 1198 3668 αὐτῇ
1215 3584 1319 3669 λύγων,
1342 3588 1413 3672 πρὸς
1429 3595 1521 3655 ταῦτα

273 3689 509 3756 ἀντιδιαστέλλων
541 3692 576 3753 τὸ
599 3690 711 3760 ούτως
738 3689 926 3771 ἐπιστητὸν
949 3710 1035 3773 φησι,
1064 3687 1192 3752 τουτέστι
1214 3689 1247 3752 τὸ
1269 3690 1432 3775 συστοίχως
1462 3694 1521 3757 ἐπι·

272 3792 391 3877 στητύν,
418 3797 546 3856 τοιοῦτον
569 3793 655 3856 δὲτὸ
677 3794 809 3866 αἰτιῶδες
836 3793 884 3855 καὶ
906 3792 936 3854 ἐν
958 3791 1033 3874 αὐτῇ
1062 3815 1099 3874 τη
1122 3795 1224 3876 ψυχή,
1253 3796 1337 3856 τοῦτο
1361 3793 1393 3856 δὲ
1415 3795 1520 3859 ταύτὸν

271 3902 308 3980 πή
332 3898 489 3980 ἐπιστήμη.
528 3895 584 3980 ήδη
608 3896 660 3979 μέν
681 3895 734 3981 γὰρ
757 3895 804 3959 καὶ
827 3895 874 3957 ἐπὶ
896 3899 949 3985 τῆς
963 3895 1130 3978 αἰσθήσεως
1151 3893 1262 3979 εῖρηται
1285 3898 1325 3964 ῶς
1348 3894 1401 3958 οὐκ
1423 3895 1522 3969 άλλως

231 4015 258 4060 35
271 3999 442 4063 ἐπιτελεῖται
463 3999 483 4083 ή
506 4003 623 4082 γνῶσις,
646 3999 671 4061 εἰ
694 4000 735 4082 μή
758 3999 800 4068 εἰς
821 3997 924 4061 ταύτὸν
947 3998 966 4080 ἡ
990 3995 1052 4059 κατ’
1080 3995 1222 4081 ἐνέργειαν
1244 3995 1327 4061 ἔλθοι
1349 4003 1454 4079 γνῶσις
1477 4005 1520 4087 τῷ

219 4256 234 4309 6
261 4254 452 4328 Ἀριστοτέλους]
470 4255 562 4308 43023
693 4258 708 4308 7
738 4254 843 4324 ἐνὸλοις]
863 4256 970 4308 Aristot.
989 4255 1080 4309 430·ss
1214 4254 1246 4307 10
1272 4252 1466 4327 Ἀριστοτέλους]
1486 4257 1519 4310 cf.

218 4345 336 4409 430110‚
352 4344 444 4396 43023
551 4344 583 4397 24
602 4342 779 4422 Ἀριστοτέλης]
797 4344 888 4397 43013

219 4567 235 4620 3
263 4565 351 4632 αὐτοῦ]
371 4565 449 4637 αὐτὴν
468 4568 554 4620 ΒΗΡὸ
679 4565 715 4625 ιὸς
733 4568 806 4634 (ante
824 4567 909 4635 αὐτὸς)
929 4584 968 4621 om
997 4567 1029 4619 L¹
1153 4569 1169 4619 4
1197 4567 1254 4619 fort.
1274 4567 1413 4637 ἐντελεχείᾳ

219 4654 235 4707 5
253 4653 422 4723 τελιιούμενον
441 4656 530 4708 ΗΜΡὸ
623 4655 719 4707 ἑαυτῶν
737 4655 769 4707 L¹
862 4657 877 4707 7
898 4655 973 4723 ἄυλα]
992 4656 1024 4707 τὸ
1042 4654 1106 4707 άυλιι
1125 4656 1164 4709 ὸιι
1262 4655 1278 4707 8
1295 4653 1426 4726 ἐπιοιρθροῖ
1441 4654 1521 4706 wa:

218 4740 406 4812 ἰπιορθροῖὸίΡ
519 4743 551 4794 10
568 4741 610 4811 τὸ]
630 4741 659 4794 τὸ
677 4743 725 4794 ὸνν·
839 4744 865 4795 ll
888 4742 961 4796 ὁποῖα
980 4744 1042 4795 wa
1159 4743 1190 4794 13
1209 4741 1268 4807 ούιι]
1287 4741 1303 4811 ή
1323 4742 1405 4794 ΗΜΡι
1426 4741 1460 4809 μὴ
1481 4742 1520 4793 bw

219 4827 289 4897 αύτῷ
307 4845 341 4880 w:
362 4828 432 4897 αύτῷ
451 4829 523 4882 codd.
544 4831 560 4881 b
661 4830 694 4882 23
712 4836 826 4883 νοούνται
845 4831 875 4882 L¹
977 4830 1009 4882 2ss
1029 4828 1165 4900 θεωριτυιὴ
1185 4829 1264 4882 BLV:
1284 4827 1434 4898 θεωριστιιιὴ
1453 4830 1521 4880 Mbw

219 4916 252 4968 33
271 4915 384 4972 αἰτιῶδες
403 4932 436 4967 w:
456 4915 546 4974 αἰῶδις
564 4917 637 4969 codd.
656 4919 672 4969 b
778 4919 811 4969 34
830 4921 876 4988 τῆς
895 4919 1031 4987 ἐπιστήμης
1050 4919 1065 4970 b
1172 4919 1205 4969 35
1223 4917 1317 4987 ταυτην
1337 4916 1396 4983 (sic)
1416 4916 1458 4967 Mb
