<?xml version="1.0" encoding="UTF-8"?>
<!DOCTYPE html PUBLIC "-//W3C//DTD XHTML 1.0 Transitional//EN"
    "http://www.w3.org/TR/xhtml1/DTD/xhtml1-transitional.dtd">
<html xmlns="http://www.w3.org/1999/xhtml" xml:lang="en" lang="en">
 <head>
  <title>
</title>
<meta http-equiv="Content-Type" content="text/html;charset=utf-8" />
  <meta name='ocr-system' content='tesseract 3.04.00' />
  <meta name='ocr-capabilities' content='ocr_page ocr_carea ocr_par ocr_line ocrx_word'/>
</head>
<body>
  <div class='ocr_page' id='page_1' title='image "./supplementumari01arisgoog_0021.png"; bbox 0 0 3510 5610; ppageno 0'>
   <div class='ocr_carea' id='block_1_1' title="bbox 149 530 231 570">
    <p class='ocr_par' dir='ltr' id='par_1_1' title="bbox 149 530 231 570">
     <span class='ocr_line' id='line_1_1' title="bbox 149 530 231 570; baseline -0.012 0"><span class='ocrx_word' id='word_1_1' title='bbox 149 530 231 570; x_wconf 79' lang='lat' dir='ltr'>Ctesias</span> 
     </span>
    </p>
   </div>
   <div class='ocr_carea' id='block_1_2' title="bbox 252 338 1025 392">
    <p class='ocr_par' dir='ltr' id='par_1_2' title="bbox 252 338 1025 392">
     <span class='ocr_line' id='line_1_2' title="bbox 252 338 1025 392; baseline 0.001 -6"><span class='ocrx_word' id='word_1_2' title='bbox 252 346 302 387; x_wconf 82' lang='lat' dir='ltr'>xxv</span> <span class='ocrx_word' id='word_1_3' title='bbox 832 338 1025 392; x_wconf 74' lang='lat' dir='ltr'>PRAEFATIO</span> 
     </span>
    </p>
   </div>
   <div class='ocr_carea' id='block_1_3' title="bbox 251 508 1607 832">
    <p class='ocr_par' dir='ltr' id='par_1_3' title="bbox 251 508 1607 832">
     <span class='ocr_line' id='line_1_3' title="bbox 338 508 1606 593; baseline 0.001 -21"><span class='ocrx_word' id='word_1_4' title='bbox 338 509 364 572; x_wconf 92' lang='lat' dir='ltr'>V</span> <span class='ocrx_word' id='word_1_5' title='bbox 409 508 565 575; x_wconf 86' lang='lat' dir='ltr'>Ctesiae</span> <span class='ocrx_word' id='word_1_6' title='bbox 588 508 769 574; x_wconf 87' lang='lat' dir='ltr'>Indicorum</span> <span class='ocrx_word' id='word_1_7' title='bbox 798 508 979 592; x_wconf 81' lang='lat' dir='ltr'>fragmenta</span> <span class='ocrx_word' id='word_1_8' title='bbox 1006 508 1119 593; x_wconf 89' lang='grc'>(1167.</span> <span class='ocrx_word' id='word_1_9' title='bbox 1143 510 1215 573; x_wconf 92' lang='grc'>556.</span> <span class='ocrx_word' id='word_1_10' title='bbox 1238 508 1324 593; x_wconf 76' lang='lat' dir='ltr'>sta),</span> <span class='ocrx_word' id='word_1_11' title='bbox 1358 529 1428 573; x_wconf 82' lang='lat' dir='ltr'>cum</span> <span class='ocrx_word' id='word_1_12' title='bbox 1455 517 1487 574; x_wconf 91' lang='lat' dir='ltr'>et</span> <span class='ocrx_word' id='word_1_13' title='bbox 1513 509 1606 592; x_wconf 89' lang='lat' dir='ltr'>copia</span> 
     </span>
     <span class='ocr_line' id='line_1_4' title="bbox 251 627 1605 712; baseline -0.004 -18"><span class='ocrx_word' id='word_1_14' title='bbox 251 628 412 694; x_wconf 90' lang='lat' dir='ltr'>excellant</span> <span class='ocrx_word' id='word_1_15' title='bbox 444 637 477 694; x_wconf 89' lang='lat' dir='ltr'>et</span> <span class='ocrx_word' id='word_1_16' title='bbox 510 628 641 712; x_wconf 90' lang='lat' dir='ltr'>propius</span> <span class='ocrx_word' id='word_1_17' title='bbox 672 627 714 692; x_wconf 90' lang='lat' dir='ltr'>ad</span> <span class='ocrx_word' id='word_1_18' title='bbox 749 629 921 710; x_wconf 80' lang='lat' dir='ltr'>genuinam</span> <span class='ocrx_word' id='word_1_19' title='bbox 953 627 1088 692; x_wconf 80' lang='lat' dir='ltr'>formam</span> <span class='ocrx_word' id='word_1_20' title='bbox 1121 627 1286 711; x_wconf 87' lang='lat' dir='ltr'>accedant,</span> <span class='ocrx_word' id='word_1_21' title='bbox 1317 650 1381 693; x_wconf 90' lang='lat' dir='ltr'>nou</span> <span class='ocrx_word' id='word_1_22' title='bbox 1416 649 1456 694; x_wconf 92' lang='lat' dir='ltr'>ex</span> <span class='ocrx_word' id='word_1_23' title='bbox 1488 628 1605 693; x_wconf 89' lang='lat' dir='ltr'>Photio</span> 
     </span>
     <span class='ocr_line' id='line_1_5' title="bbox 252 745 1607 832; baseline -0.001 -20"><span class='ocrx_word' id='word_1_24' title='bbox 252 746 310 814; x_wconf 90' lang='lat' dir='ltr'>sed</span> <span class='ocrx_word' id='word_1_25' title='bbox 325 766 366 812; x_wconf 91' lang='lat' dir='ltr'>ex</span> <span class='ocrx_word' id='word_1_26' title='bbox 388 746 457 831; x_wconf 91' lang='lat' dir='ltr'>ipso</span> <span class='ocrx_word' id='word_1_27' title='bbox 474 746 583 812; x_wconf 82' lang='lat' dir='ltr'>Ctesia</span> <span class='ocrx_word' id='word_1_28' title='bbox 605 766 754 812; x_wconf 80' lang='lat' dir='ltr'>manasse</span> <span class='ocrx_word' id='word_1_29' title='bbox 776 745 954 830; x_wconf 89' lang='lat' dir='ltr'>apparet¹).</span> <span class='ocrx_word' id='word_1_30' title='bbox 997 746 1086 812; x_wconf 84' lang='lat' dir='ltr'>velut</span> <span class='ocrx_word' id='word_1_31' title='bbox 1106 746 1195 811; x_wconf 90' lang='lat' dir='ltr'>locus</span> <span class='ocrx_word' id='word_1_32' title='bbox 1216 746 1323 812; x_wconf 82' lang='grc'>11571</span> <span class='ocrx_word' id='word_1_33' title='bbox 1346 747 1505 832; x_wconf 82' lang='lat' dir='ltr'>copiosior</span> <span class='ocrx_word' id='word_1_34' title='bbox 1520 747 1607 831; x_wconf 86' lang='lat' dir='ltr'>apud</span> 
     </span>
    </p>
   </div>
   <div class='ocr_carea' id='block_1_4' title="bbox 220 865 1607 948">
    <p class='ocr_par' dir='ltr' id='par_1_4' title="bbox 220 865 1607 948">
     <span class='ocr_line' id='line_1_6' title="bbox 220 865 1607 948; baseline -0.001 -17"><span class='ocrx_word' id='word_1_35' title='bbox 220 880 226 891; x_wconf 91' lang='grc'><em>·</em></span> <span class='ocrx_word' id='word_1_36' title='bbox 252 866 481 948; x_wconf 85' lang='lat' dir='ltr'>Excerptorem</span> <span class='ocrx_word' id='word_1_37' title='bbox 498 871 530 931; x_wconf 94' lang='lat' dir='ltr'>et</span> <span class='ocrx_word' id='word_1_38' title='bbox 546 866 715 932; x_wconf 81' lang='lat' dir='ltr'><strong>Aelianum</strong></span> <span class='ocrx_word' id='word_1_39' title='bbox 731 865 885 948; x_wconf 77' lang='grc'>(117137)</span> <span class='ocrx_word' id='word_1_40' title='bbox 900 884 995 947; x_wconf 84' lang='lat' dir='ltr'>qrram</span> <span class='ocrx_word' id='word_1_41' title='bbox 1011 865 1098 948; x_wconf 90' lang='lat' dir='ltr'>apud</span> <span class='ocrx_word' id='word_1_42' title='bbox 1115 865 1273 929; x_wconf 91' lang='lat' dir='ltr'>Photium.</span> <span class='ocrx_word' id='word_1_43' title='bbox 1312 873 1419 931; x_wconf 88' lang='lat' dir='ltr'>tamen</span> <span class='ocrx_word' id='word_1_44' title='bbox 1435 876 1467 932; x_wconf 89' lang='lat' dir='ltr'>et</span> <span class='ocrx_word' id='word_1_45' title='bbox 1482 866 1559 931; x_wconf 81' lang='lat' dir='ltr'>sede</span> <span class='ocrx_word' id='word_1_46' title='bbox 1575 874 1607 930; x_wconf 90' lang='lat' dir='ltr'>et</span> 
     </span>
    </p>
   </div>
   <div class='ocr_carea' id='block_1_5' title="bbox 253 982 1609 1665">
    <p class='ocr_par' dir='ltr' id='par_1_5' title="bbox 253 982 1606 1186">
     <span class='ocr_line' id='line_1_7' title="bbox 253 982 1606 1069; baseline 0 -21"><span class='ocrx_word' id='word_1_47' title='bbox 253 984 461 1069; x_wconf 76' lang='lat' dir='ltr'>inscriptione</span> <span class='ocrx_word' id='word_1_48' title='bbox 483 986 517 1049; x_wconf 83' lang='grc' dir='ltr'>ἐκ</span> <span class='ocrx_word' id='word_1_49' title='bbox 538 990 590 1049; x_wconf 81' lang='grc' dir='ltr'>τοῦ</span> <span class='ocrx_word' id='word_1_50' title='bbox 613 983 742 1069; x_wconf 83' lang='grc' dir='ltr'>Κτησίου</span> <span class='ocrx_word' id='word_1_51' title='bbox 765 984 909 1067; x_wconf 85' lang='lat' dir='ltr'>efficitur,</span> <span class='ocrx_word' id='word_1_52' title='bbox 932 1005 996 1048; x_wconf 90' lang='lat' dir='ltr'>nou</span> <span class='ocrx_word' id='word_1_53' title='bbox 1019 1003 1115 1067; x_wconf 87' lang='lat' dir='ltr'>posse</span> <span class='ocrx_word' id='word_1_54' title='bbox 1137 984 1177 1048; x_wconf 92' lang='lat' dir='ltr'>de</span> <span class='ocrx_word' id='word_1_55' title='bbox 1195 984 1329 1048; x_wconf 89' lang='lat' dir='ltr'>Aeliano</span> <span class='ocrx_word' id='word_1_56' title='bbox 1352 982 1441 1049; x_wconf 84' lang='lat' dir='ltr'>sonte</span> <span class='ocrx_word' id='word_1_57' title='bbox 1463 985 1606 1068; x_wconf 82' lang='lat' dir='ltr'>cogitari.</span> 
     </span>
     <span class='ocr_line' id='line_1_8' title="bbox 253 1102 1424 1186; baseline -0.002 -20"><span class='ocrx_word' id='word_1_58' title='bbox 253 1102 341 1169; x_wconf 90' lang='lat' dir='ltr'>idem</span> <span class='ocrx_word' id='word_1_59' title='bbox 362 1104 472 1169; x_wconf 76' lang='grc'>11555</span> <span class='ocrx_word' id='word_1_60' title='bbox 494 1102 709 1186; x_wconf 89' lang='lat' dir='ltr'>confirmatur,</span> <span class='ocrx_word' id='word_1_61' title='bbox 732 1103 785 1168; x_wconf 92' lang='lat' dir='ltr'>ubi</span> <span class='ocrx_word' id='word_1_62' title='bbox 808 1110 841 1169; x_wconf 91' lang='lat' dir='ltr'>et</span> <span class='ocrx_word' id='word_1_63' title='bbox 864 1102 1017 1168; x_wconf 91' lang='lat' dir='ltr'>Aelianus</span> <span class='ocrx_word' id='word_1_64' title='bbox 1040 1110 1072 1168; x_wconf 91' lang='lat' dir='ltr'>et</span> <span class='ocrx_word' id='word_1_65' title='bbox 1095 1102 1228 1168; x_wconf 87' lang='lat' dir='ltr'>Photius</span> <span class='ocrx_word' id='word_1_66' title='bbox 1251 1102 1424 1168; x_wconf 86' lang='lat' dir='ltr'>breviores.</span> 
     </span>
    </p>

    <p class='ocr_par' dir='ltr' id='par_1_6' title="bbox 253 1221 1609 1665">
     <span class='ocr_line' id='line_1_9' title="bbox 342 1221 1609 1307; baseline -0.002 -19"><span class='ocrx_word' id='word_1_67' title='bbox 342 1223 386 1288; x_wconf 90' lang='lat' dir='ltr'>VI</span> <span class='ocrx_word' id='word_1_68' title='bbox 429 1223 608 1307; x_wconf 82' lang='lat' dir='ltr'>Excerptor</span> <span class='ocrx_word' id='word_1_69' title='bbox 629 1244 724 1307; x_wconf 89' lang='lat' dir='ltr'>quam</span> <span class='ocrx_word' id='word_1_70' title='bbox 739 1243 844 1307; x_wconf 92' lang='lat' dir='ltr'>neque</span> <span class='ocrx_word' id='word_1_71' title='bbox 865 1240 886 1286; x_wconf 92' lang='lat' dir='ltr'>a</span> <span class='ocrx_word' id='word_1_72' title='bbox 901 1221 1020 1286; x_wconf 91' lang='lat' dir='ltr'>tradita</span> <span class='ocrx_word' id='word_1_73' title='bbox 1034 1221 1172 1305; x_wconf 85' lang='lat' dir='ltr'>priorum</span> <span class='ocrx_word' id='word_1_74' title='bbox 1190 1222 1324 1287; x_wconf 88' lang='lat' dir='ltr'>materia</span> <span class='ocrx_word' id='word_1_75' title='bbox 1338 1243 1443 1305; x_wconf 87' lang='lat' dir='ltr'>neque</span> <span class='ocrx_word' id='word_1_76' title='bbox 1464 1243 1485 1287; x_wconf 88' lang='lat' dir='ltr'>a</span> <span class='ocrx_word' id='word_1_77' title='bbox 1505 1223 1609 1287; x_wconf 82' lang='lat' dir='ltr'>forma</span> 
     </span>
     <span class='ocr_line' id='line_1_10' title="bbox 253 1339 1608 1428; baseline -0.003 -21"><span class='ocrx_word' id='word_1_78' title='bbox 253 1341 451 1425; x_wconf 74' lang='lat' dir='ltr'>discesserit,</span> <span class='ocrx_word' id='word_1_79' title='bbox 476 1342 633 1408; x_wconf 88' lang='lat' dir='ltr'>novimus.</span> <span class='ocrx_word' id='word_1_80' title='bbox 677 1344 836 1428; x_wconf 81' lang='lat' dir='ltr'>syllogam</span> <span class='ocrx_word' id='word_1_81' title='bbox 863 1360 898 1406; x_wconf 91' lang='lat' dir='ltr'>se</span> <span class='ocrx_word' id='word_1_82' title='bbox 925 1339 1101 1406; x_wconf 84' lang='lat' dir='ltr'>confecisse</span> <span class='ocrx_word' id='word_1_83' title='bbox 1129 1348 1297 1405; x_wconf 87' lang='lat' dir='ltr'>contentus</span> <span class='ocrx_word' id='word_1_84' title='bbox 1327 1342 1448 1406; x_wconf 87' lang='lat' dir='ltr'>selecta</span> <span class='ocrx_word' id='word_1_85' title='bbox 1474 1339 1521 1404; x_wconf 92' lang='lat' dir='ltr'>ita</span> <span class='ocrx_word' id='word_1_86' title='bbox 1546 1339 1608 1404; x_wconf 90' lang='lat' dir='ltr'>dis-</span> 
     </span>
     <span class='ocr_line' id='line_1_11' title="bbox 255 1458 1608 1545; baseline -0.002 -19"><span class='ocrx_word' id='word_1_87' title='bbox 255 1461 370 1545; x_wconf 84' lang='lat' dir='ltr'>posuit,</span> <span class='ocrx_word' id='word_1_88' title='bbox 397 1468 432 1525; x_wconf 94' lang='lat' dir='ltr'>ut</span> <span class='ocrx_word' id='word_1_89' title='bbox 453 1461 751 1545; x_wconf 89' lang='lat' dir='ltr'>Aristophaueis</span> <span class='ocrx_word' id='word_1_90' title='bbox 773 1468 882 1526; x_wconf 88' lang='lat' dir='ltr'>cetera</span> <span class='ocrx_word' id='word_1_91' title='bbox 903 1460 1118 1541; x_wconf 86' lang='lat' dir='ltr'>subiungeret,</span> <span class='ocrx_word' id='word_1_92' title='bbox 1145 1479 1228 1542; x_wconf 87' lang='lat' dir='ltr'>quae</span> <span class='ocrx_word' id='word_1_93' title='bbox 1253 1460 1295 1525; x_wconf 91' lang='lat' dir='ltr'>ad</span> <span class='ocrx_word' id='word_1_94' title='bbox 1318 1461 1432 1526; x_wconf 86' lang='lat' dir='ltr'>eadem</span> <span class='ocrx_word' id='word_1_95' title='bbox 1455 1458 1608 1525; x_wconf 90' lang='lat' dir='ltr'>animalia</span> 
     </span>
     <span class='ocr_line' id='line_1_12' title="bbox 256 1577 1609 1665; baseline -0.002 -20"><span class='ocrx_word' id='word_1_96' title='bbox 256 1580 462 1663; x_wconf 81' lang='lat' dir='ltr'>pertinerent.</span> <span class='ocrx_word' id='word_1_97' title='bbox 505 1581 551 1644; x_wconf 79' lang='lat' dir='ltr'>ita</span> <span class='ocrx_word' id='word_1_98' title='bbox 573 1580 657 1646; x_wconf 84' lang='lat' dir='ltr'>euim</span> <span class='ocrx_word' id='word_1_99' title='bbox 681 1578 846 1663; x_wconf 78' lang='lat' dir='ltr'>praefatur</span> <span class='ocrx_word' id='word_1_100' title='bbox 861 1601 891 1663; x_wconf 85' lang='lat' dir='ltr'>p.</span> <span class='ocrx_word' id='word_1_101' title='bbox 906 1578 1040 1662; x_wconf 86' lang='lat'>1,4-6:</span> <span class='ocrx_word' id='word_1_102' title='bbox 1067 1577 1293 1664; x_wconf 79' lang='grc' dir='ltr'>Ἀριστοφάνους</span> <span class='ocrx_word' id='word_1_103' title='bbox 1314 1586 1372 1643; x_wconf 86' lang='grc' dir='ltr'>τῶν</span> <span class='ocrx_word' id='word_1_104' title='bbox 1391 1578 1609 1665; x_wconf 77' lang='grc' dir='ltr'>Ἀριστοτέλους</span> 
     </span>
    </p>
   </div>
   <div class='ocr_carea' id='block_1_6' title="bbox 255 1695 1608 1786">
    <p class='ocr_par' dir='ltr' id='par_1_7' title="bbox 255 1695 1608 1786">
     <span class='ocr_line' id='line_1_13' title="bbox 255 1695 1608 1786; baseline -0.001 -23"><span class='ocrx_word' id='word_1_105' title='bbox 255 1701 320 1786; x_wconf 85' lang='grc' dir='ltr'>περὶ</span> <span class='ocrx_word' id='word_1_106' title='bbox 351 1698 435 1785; x_wconf 76' lang='grc' dir='ltr'>ζῴων</span> <span class='ocrx_word' id='word_1_107' title='bbox 462 1699 586 1783; x_wconf 81' lang='grc' dir='ltr'>ἐπιτομὴ</span> <span class='ocrx_word' id='word_1_108' title='bbox 613 1700 813 1764; x_wconf 73' lang='grc' dir='ltr'>ὑποτεθέντων</span> <span class='ocrx_word' id='word_1_109' title='bbox 841 1701 955 1784; x_wconf 81' lang='grc' dir='ltr'>ἑκάστῳ</span> <span class='ocrx_word' id='word_1_110' title='bbox 984 1695 1054 1784; x_wconf 76' lang='grc' dir='ltr'>ζῴῳ</span> <span class='ocrx_word' id='word_1_111' title='bbox 1082 1700 1130 1761; x_wconf 81' lang='grc' dir='ltr'>καὶ</span> <span class='ocrx_word' id='word_1_112' title='bbox 1158 1704 1216 1761; x_wconf 87' lang='grc' dir='ltr'>τῶν</span> <span class='ocrx_word' id='word_1_113' title='bbox 1239 1697 1369 1784; x_wconf 63' lang='lat' dir='ltr'>Alliensi</span> <span class='ocrx_word' id='word_1_114' title='bbox 1393 1701 1440 1763; x_wconf 77' lang='grc' dir='ltr'>καὶ</span> <span class='ocrx_word' id='word_1_115' title='bbox 1470 1698 1608 1783; x_wconf 78' lang='grc' dir='ltr'>Τιμοθέῳ</span> 
     </span>
    </p>
   </div>
   <div class='ocr_carea' id='block_1_7' title="bbox 256 1815 1614 3930">
    <p class='ocr_par' dir='ltr' id='par_1_8' title="bbox 256 1815 1614 3930">
     <span class='ocr_line' id='line_1_14' title="bbox 256 1815 1609 1904; baseline -0.001 -20"><span class='ocrx_word' id='word_1_116' title='bbox 256 1820 305 1884; x_wconf 81' lang='grc' dir='ltr'>καὶ</span> <span class='ocrx_word' id='word_1_117' title='bbox 327 1819 434 1904; x_wconf 76' lang='grc' dir='ltr'>ἑτέροις</span> <span class='ocrx_word' id='word_1_118' title='bbox 456 1820 513 1883; x_wconf 81' lang='grc' dir='ltr'>τισὶ</span> <span class='ocrx_word' id='word_1_119' title='bbox 538 1820 603 1904; x_wconf 80' lang='grc' dir='ltr'>περὶ</span> <span class='ocrx_word' id='word_1_120' title='bbox 625 1819 721 1882; x_wconf 83' lang='grc' dir='ltr'>αὐτῶν</span> <span class='ocrx_word' id='word_1_121' title='bbox 748 1818 919 1904; x_wconf 75' lang='grc' dir='ltr'>εἰρημένων,</span> <span class='ocrx_word' id='word_1_122' title='bbox 952 1837 1034 1900; x_wconf 84' lang='lat' dir='ltr'>quae</span> <span class='ocrx_word' id='word_1_123' title='bbox 1061 1825 1093 1882; x_wconf 88' lang='grc'>51</span> <span class='ocrx_word' id='word_1_124' title='bbox 1116 1838 1173 1901; x_wconf 86' lang='lat' dir='ltr'>per</span> <span class='ocrx_word' id='word_1_125' title='bbox 1200 1838 1235 1883; x_wconf 88' lang='lat' dir='ltr'>se</span> <span class='ocrx_word' id='word_1_126' title='bbox 1261 1815 1333 1882; x_wconf 88' lang='lat' dir='ltr'>fide.</span> <span class='ocrx_word' id='word_1_127' title='bbox 1356 1817 1455 1899; x_wconf 82' lang='lat' dir='ltr'>digua</span> <span class='ocrx_word' id='word_1_128' title='bbox 1481 1825 1609 1883; x_wconf 84' lang='lat' dir='ltr'>suntet</span> 
     </span>
     <span class='ocr_line' id='line_1_15' title="bbox 256 1935 1609 2021; baseline -0.002 -19"><span class='ocrx_word' id='word_1_129' title='bbox 256 1936 439 2003; x_wconf 89' lang='lat' dir='ltr'>Aristotelis</span> <span class='ocrx_word' id='word_1_130' title='bbox 465 1936 673 2002; x_wconf 88' lang='lat' dir='ltr'>similitudine</span> <span class='ocrx_word' id='word_1_131' title='bbox 699 1935 894 2002; x_wconf 88' lang='lat' dir='ltr'>confirmata.</span> <span class='ocrx_word' id='word_1_132' title='bbox 946 1937 1180 2019; x_wconf 89' lang='lat' dir='ltr'>comparandus</span> <span class='ocrx_word' id='word_1_133' title='bbox 1210 1938 1306 2021; x_wconf 82' lang='lat' dir='ltr'>igitur</span> <span class='ocrx_word' id='word_1_134' title='bbox 1332 1938 1392 2002; x_wconf 81' lang='lat' dir='ltr'>erit</span> <span class='ocrx_word' id='word_1_135' title='bbox 1420 1936 1609 2001; x_wconf 88' lang='lat' dir='ltr'>Aristoteles</span> 
     </span>
     <span class='ocr_line' id='line_1_16' title="bbox 257 2054 1609 2141; baseline 0 -20"><span class='ocrx_word' id='word_1_136' title='bbox 257 2062 291 2121; x_wconf 90' lang='lat' dir='ltr'>et</span> <span class='ocrx_word' id='word_1_137' title='bbox 312 2074 396 2138; x_wconf 90' lang='lat' dir='ltr'>quae</span> <span class='ocrx_word' id='word_1_138' title='bbox 417 2076 458 2122; x_wconf 89' lang='lat' dir='ltr'>ex</span> <span class='ocrx_word' id='word_1_139' title='bbox 481 2057 631 2140; x_wconf 86' lang='lat' dir='ltr'>servatis,</span> <span class='ocrx_word' id='word_1_140' title='bbox 661 2075 745 2140; x_wconf 88' lang='lat' dir='ltr'>quae</span> <span class='ocrx_word' id='word_1_141' title='bbox 771 2075 812 2121; x_wconf 90' lang='lat' dir='ltr'>ex</span> <span class='ocrx_word' id='word_1_142' title='bbox 834 2054 1010 2139; x_wconf 83' lang='lat' dir='ltr'>deperditis</span> <span class='ocrx_word' id='word_1_143' title='bbox 1033 2055 1214 2122; x_wconf 89' lang='lat' dir='ltr'>Aristotelis</span> <span class='ocrx_word' id='word_1_144' title='bbox 1243 2056 1341 2141; x_wconf 89' lang='lat' dir='ltr'>libris,</span> <span class='ocrx_word' id='word_1_145' title='bbox 1369 2076 1452 2139; x_wconf 92' lang='lat' dir='ltr'>quae</span> <span class='ocrx_word' id='word_1_146' title='bbox 1478 2055 1609 2121; x_wconf 83' lang='lat' dir='ltr'>aliunde</span> 
     </span>
     <span class='ocr_line' id='line_1_17' title="bbox 257 2174 1609 2259; baseline -0.001 -18"><span class='ocrx_word' id='word_1_147' title='bbox 257 2175 299 2241; x_wconf 90' lang='lat' dir='ltr'>ab</span> <span class='ocrx_word' id='word_1_148' title='bbox 322 2174 538 2259; x_wconf 83' lang='lat' dir='ltr'>Aristophane</span> <span class='ocrx_word' id='word_1_149' title='bbox 564 2175 710 2240; x_wconf 88' lang='lat' dir='ltr'>immixta</span> <span class='ocrx_word' id='word_1_150' title='bbox 731 2175 805 2259; x_wconf 90' lang='lat' dir='ltr'>siut,</span> <span class='ocrx_word' id='word_1_151' title='bbox 826 2174 1057 2257; x_wconf 84' lang='lat' dir='ltr'>exputandum.</span> <span class='ocrx_word' id='word_1_152' title='bbox 1101 2194 1175 2239; x_wconf 93' lang='lat' dir='ltr'>uam</span> <span class='ocrx_word' id='word_1_153' title='bbox 1199 2197 1269 2241; x_wconf 90' lang='lat' dir='ltr'>eum</span> <span class='ocrx_word' id='word_1_154' title='bbox 1296 2176 1385 2241; x_wconf 92' lang='lat' dir='ltr'>libris</span> <span class='ocrx_word' id='word_1_155' title='bbox 1408 2174 1609 2240; x_wconf 89' lang='lat' dir='ltr'>Aristoteleis</span> 
     </span>
     <span class='ocr_line' id='line_1_18' title="bbox 258 2291 1611 2379; baseline -0.001 -21"><span class='ocrx_word' id='word_1_156' title='bbox 258 2293 351 2377; x_wconf 77' lang='lat' dir='ltr'>quac&#39;</span> <span class='ocrx_word' id='word_1_157' title='bbox 366 2314 452 2360; x_wconf 92' lang='lat' dir='ltr'>nuuc</span> <span class='ocrx_word' id='word_1_158' title='bbox 477 2300 590 2360; x_wconf 86' lang='lat' dir='ltr'>extant</span> <span class='ocrx_word' id='word_1_159' title='bbox 616 2294 641 2357; x_wconf 88' lang='lat' dir='ltr'>si</span> <span class='ocrx_word' id='word_1_160' title='bbox 666 2292 855 2377; x_wconf 89' lang='lat' dir='ltr'>contuleris,</span> <span class='ocrx_word' id='word_1_161' title='bbox 888 2293 1126 2376; x_wconf 87' lang='lat' dir='ltr'>Aristophanea</span> <span class='ocrx_word' id='word_1_162' title='bbox 1152 2293 1300 2360; x_wconf 88' lang='lat' dir='ltr'>uberiora</span> <span class='ocrx_word' id='word_1_163' title='bbox 1325 2315 1424 2379; x_wconf 88' lang='lat' dir='ltr'>saepe</span> <span class='ocrx_word' id='word_1_164' title='bbox 1446 2291 1611 2378; x_wconf 79' lang='lat' dir='ltr'>uidebis.¹)</span> 
     </span>
     <span class='ocr_line' id='line_1_19' title="bbox 258 2411 1610 2496; baseline 0 -19"><span class='ocrx_word' id='word_1_165' title='bbox 258 2432 362 2495; x_wconf 89' lang='lat' dir='ltr'>neque</span> <span class='ocrx_word' id='word_1_166' title='bbox 385 2411 470 2478; x_wconf 92' lang='lat' dir='ltr'>euim</span> <span class='ocrx_word' id='word_1_167' title='bbox 492 2413 518 2478; x_wconf 89' lang='lat' dir='ltr'>si</span> <span class='ocrx_word' id='word_1_168' title='bbox 540 2412 616 2496; x_wconf 91' lang='lat' dir='ltr'>quid</span> <span class='ocrx_word' id='word_1_169' title='bbox 639 2412 736 2478; x_wconf 90' lang='lat' dir='ltr'>alieni</span> <span class='ocrx_word' id='word_1_170' title='bbox 759 2412 842 2478; x_wconf 93' lang='lat' dir='ltr'>iuter</span> <span class='ocrx_word' id='word_1_171' title='bbox 864 2412 1059 2478; x_wconf 86' lang='lat' dir='ltr'>Aristotelea</span> <span class='ocrx_word' id='word_1_172' title='bbox 1086 2412 1288 2477; x_wconf 85' lang='lat' dir='ltr'>observatum</span> <span class='ocrx_word' id='word_1_173' title='bbox 1313 2421 1371 2496; x_wconf 90' lang='lat' dir='ltr'>est,</span> <span class='ocrx_word' id='word_1_174' title='bbox 1394 2413 1502 2478; x_wconf 89' lang='lat' dir='ltr'>statim</span> <span class='ocrx_word' id='word_1_175' title='bbox 1526 2412 1610 2478; x_wconf 84' lang='lat' dir='ltr'>Cou-</span> 
     </span>
     <span class='ocr_line' id='line_1_20' title="bbox 258 2530 1610 2616; baseline -0.001 -20"><span class='ocrx_word' id='word_1_176' title='bbox 258 2532 391 2596; x_wconf 89' lang='lat' dir='ltr'>stautiui</span> <span class='ocrx_word' id='word_1_177' title='bbox 412 2537 580 2616; x_wconf 80' lang='lat' dir='ltr'>excerptor</span> <span class='ocrx_word' id='word_1_178' title='bbox 595 2532 795 2596; x_wconf 85' lang='lat' dir='ltr'>accusandus</span> <span class='ocrx_word' id='word_1_179' title='bbox 817 2538 875 2597; x_wconf 89' lang='lat' dir='ltr'>est.</span> <span class='ocrx_word' id='word_1_180' title='bbox 921 2530 1038 2614; x_wconf 88' lang='lat' dir='ltr'>quippe</span> <span class='ocrx_word' id='word_1_181' title='bbox 1053 2530 1113 2596; x_wconf 83' lang='lat' dir='ltr'>luit</span> <span class='ocrx_word' id='word_1_182' title='bbox 1128 2532 1366 2598; x_wconf 82' lang='lat' dir='ltr'>Alexandrinae</span> <span class='ocrx_word' id='word_1_183' title='bbox 1389 2533 1506 2598; x_wconf 85' lang='lat' dir='ltr'>aetatis</span> <span class='ocrx_word' id='word_1_184' title='bbox 1528 2532 1610 2596; x_wconf 91' lang='lat' dir='ltr'>ratio</span> 
     </span>
     <span class='ocr_line' id='line_1_21' title="bbox 258 2650 1612 2735; baseline -0.003 -18"><span class='ocrx_word' id='word_1_185' title='bbox 258 2650 456 2735; x_wconf 90' lang='lat' dir='ltr'>epitomaudi</span> <span class='ocrx_word' id='word_1_186' title='bbox 482 2652 581 2716; x_wconf 91' lang='lat' dir='ltr'>multo</span> <span class='ocrx_word' id='word_1_187' title='bbox 607 2650 737 2716; x_wconf 92' lang='lat' dir='ltr'>liberior</span> <span class='ocrx_word' id='word_1_188' title='bbox 763 2658 888 2716; x_wconf 91' lang='lat' dir='ltr'>etcum</span> <span class='ocrx_word' id='word_1_189' title='bbox 917 2650 1101 2717; x_wconf 90' lang='lat' dir='ltr'>continuam</span> <span class='ocrx_word' id='word_1_190' title='bbox 1134 2653 1316 2734; x_wconf 81' lang='lat' dir='ltr'>eclogarum</span> <span class='ocrx_word' id='word_1_191' title='bbox 1349 2652 1463 2719; x_wconf 90' lang='lat' dir='ltr'>seriem</span> <span class='ocrx_word' id='word_1_192' title='bbox 1491 2651 1612 2735; x_wconf 82' lang='lat' dir='ltr'>Byzan-</span> 
     </span>
     <span class='ocr_line' id='line_1_22' title="bbox 259 2769 1612 2855; baseline -0.001 -21"><span class='ocrx_word' id='word_1_193' title='bbox 259 2769 344 2835; x_wconf 89' lang='lat' dir='ltr'>tinus</span> <span class='ocrx_word' id='word_1_194' title='bbox 373 2769 511 2837; x_wconf 88' lang='lat' dir='ltr'>fidelitcr</span> <span class='ocrx_word' id='word_1_195' title='bbox 540 2789 670 2837; x_wconf 88' lang='lat' dir='ltr'>servare</span> <span class='ocrx_word' id='word_1_196' title='bbox 696 2771 814 2851; x_wconf 89' lang='lat' dir='ltr'>soleat,</span> <span class='ocrx_word' id='word_1_197' title='bbox 848 2770 1002 2853; x_wconf 91' lang='lat' dir='ltr'>quidquid</span> <span class='ocrx_word' id='word_1_198' title='bbox 1023 2770 1058 2835; x_wconf 92' lang='lat' dir='ltr'>iu</span> <span class='ocrx_word' id='word_1_199' title='bbox 1083 2771 1185 2854; x_wconf 91' lang='lat' dir='ltr'>primo</span> <span class='ocrx_word' id='word_1_200' title='bbox 1213 2772 1303 2855; x_wconf 92' lang='lat' dir='ltr'>libro,</span> <span class='ocrx_word' id='word_1_201' title='bbox 1336 2772 1390 2855; x_wconf 92' lang='lat' dir='ltr'>qui</span> <span class='ocrx_word' id='word_1_202' title='bbox 1417 2769 1612 2836; x_wconf 78' lang='grc'>551111515-</span> 
     </span>
     <span class='ocr_line' id='line_1_23' title="bbox 259 2888 1612 2974; baseline -0.001 -19"><span class='ocrx_word' id='word_1_203' title='bbox 259 2890 406 2973; x_wconf 89' lang='lat' dir='ltr'>phaueus</span> <span class='ocrx_word' id='word_1_204' title='bbox 432 2898 534 2972; x_wconf 88' lang='lat' dir='ltr'>totus,</span> <span class='ocrx_word' id='word_1_205' title='bbox 561 2908 708 2973; x_wconf 87' lang='lat' dir='ltr'>quaeque</span> <span class='ocrx_word' id='word_1_206' title='bbox 735 2889 768 2953; x_wconf 91' lang='lat' dir='ltr'>iu</span> <span class='ocrx_word' id='word_1_207' title='bbox 794 2889 895 2954; x_wconf 90' lang='lat' dir='ltr'>altero</span> <span class='ocrx_word' id='word_1_208' title='bbox 922 2889 1006 2954; x_wconf 91' lang='lat' dir='ltr'>iuter</span> <span class='ocrx_word' id='word_1_209' title='bbox 1027 2888 1264 2974; x_wconf 89' lang='lat' dir='ltr'>Aristophauea</span> <span class='ocrx_word' id='word_1_210' title='bbox 1289 2891 1453 2973; x_wconf 81' lang='lat' dir='ltr'>leguntur,</span> <span class='ocrx_word' id='word_1_211' title='bbox 1479 2889 1612 2972; x_wconf 89' lang='lat' dir='ltr'>antiqua</span> 
     </span>
     <span class='ocr_line' id='line_1_24' title="bbox 260 3007 1610 3094; baseline -0.002 -20"><span class='ocrx_word' id='word_1_212' title='bbox 260 3009 405 3094; x_wconf 89' lang='lat' dir='ltr'>putanda</span> <span class='ocrx_word' id='word_1_213' title='bbox 436 3017 519 3075; x_wconf 90' lang='lat' dir='ltr'>suut.</span> <span class='ocrx_word' id='word_1_214' title='bbox 568 3016 664 3092; x_wconf 85' lang='lat' dir='ltr'>atque</span> <span class='ocrx_word' id='word_1_215' title='bbox 694 3008 775 3074; x_wconf 90' lang='lat' dir='ltr'>haec</span> <span class='ocrx_word' id='word_1_216' title='bbox 800 3014 857 3072; x_wconf 87' lang='lat' dir='ltr'>aut</span> <span class='ocrx_word' id='word_1_217' title='bbox 883 3026 924 3072; x_wconf 91' lang='lat' dir='ltr'>ex</span> <span class='ocrx_word' id='word_1_218' title='bbox 956 3007 1046 3073; x_wconf 90' lang='lat' dir='ltr'>libris</span> <span class='ocrx_word' id='word_1_219' title='bbox 1072 3008 1252 3075; x_wconf 89' lang='lat' dir='ltr'>Aristotelis</span> <span class='ocrx_word' id='word_1_220' title='bbox 1285 3009 1461 3094; x_wconf 84' lang='lat' dir='ltr'>deperditis</span> <span class='ocrx_word' id='word_1_221' title='bbox 1488 3015 1544 3071; x_wconf 91' lang='lat' dir='ltr'>aut</span> <span class='ocrx_word' id='word_1_222' title='bbox 1571 3027 1610 3073; x_wconf 90' lang='lat' dir='ltr'>cx</span> 
     </span>
     <span class='ocr_line' id='line_1_25' title="bbox 260 3126 1612 3213; baseline -0.003 -20"><span class='ocrx_word' id='word_1_223' title='bbox 260 3128 484 3212; x_wconf 80' lang='lat' dir='ltr'>Theophrasto</span> <span class='ocrx_word' id='word_1_224' title='bbox 506 3127 563 3212; x_wconf 89' lang='lat' dir='ltr'>(cs.</span> <span class='ocrx_word' id='word_1_225' title='bbox 586 3150 617 3212; x_wconf 93' lang='lat' dir='ltr'>p.</span> <span class='ocrx_word' id='word_1_226' title='bbox 633 3129 733 3211; x_wconf 58' lang='lat'>2930</span> <span class='ocrx_word' id='word_1_227' title='bbox 758 3128 788 3191; x_wconf 82' lang='grc' dir='ltr'>ἐν</span> <span class='ocrx_word' id='word_1_228' title='bbox 817 3133 860 3212; x_wconf 82' lang='grc' dir='ltr'>τῳ</span> <span class='ocrx_word' id='word_1_229' title='bbox 883 3126 1007 3212; x_wconf 83' lang='grc' dir='ltr'>πέμπτῳ</span> <span class='ocrx_word' id='word_1_230' title='bbox 1029 3133 1087 3190; x_wconf 83' lang='grc' dir='ltr'>τῶν</span> <span class='ocrx_word' id='word_1_231' title='bbox 1112 3127 1181 3213; x_wconf 80' lang='grc' dir='ltr'>Περὶ</span> <span class='ocrx_word' id='word_1_232' title='bbox 1204 3126 1289 3213; x_wconf 75' lang='grc' dir='ltr'>ζῴων</span> <span class='ocrx_word' id='word_1_233' title='bbox 1317 3136 1349 3193; x_wconf 88' lang='grc'>51</span> <span class='ocrx_word' id='word_1_234' title='bbox 1375 3126 1612 3211; x_wconf 71' lang='grc'>5555651115-</span> 
     </span>
     <span class='ocr_line' id='line_1_26' title="bbox 260 3245 1612 3331; baseline -0.002 -18"><span class='ocrx_word' id='word_1_235' title='bbox 260 3267 342 3330; x_wconf 83' lang='lat' dir='ltr'>gene</span> <span class='ocrx_word' id='word_1_236' title='bbox 365 3247 572 3331; x_wconf 91' lang='lat' dir='ltr'>Apollouiata</span> <span class='ocrx_word' id='word_1_237' title='bbox 594 3248 717 3314; x_wconf 88' lang='lat' dir='ltr'>erudite</span> <span class='ocrx_word' id='word_1_238' title='bbox 739 3247 899 3312; x_wconf 85' lang='lat' dir='ltr'>adduntur</span> <span class='ocrx_word' id='word_1_239' title='bbox 926 3246 1009 3311; x_wconf 81' lang='lat' dir='ltr'>Ate</span> <span class='ocrx_word' id='word_1_240' title='bbox 1031 3267 1062 3329; x_wconf 92' lang='lat' dir='ltr'>p.</span> <span class='ocrx_word' id='word_1_241' title='bbox 1077 3247 1194 3329; x_wconf 83' lang='grc'>13,13)</span> <span class='ocrx_word' id='word_1_242' title='bbox 1228 3256 1284 3311; x_wconf 90' lang='lat' dir='ltr'>aut</span> <span class='ocrx_word' id='word_1_243' title='bbox 1311 3267 1351 3312; x_wconf 90' lang='lat' dir='ltr'>ex</span> <span class='ocrx_word' id='word_1_244' title='bbox 1374 3245 1612 3312; x_wconf 85' lang='lat' dir='ltr'>Alexandrinae</span> 
     </span>
     <span class='ocr_line' id='line_1_27' title="bbox 260 3365 1612 3451; baseline 0 -20"><span class='ocrx_word' id='word_1_245' title='bbox 260 3366 378 3433; x_wconf 88' lang='lat' dir='ltr'>aetatis</span> <span class='ocrx_word' id='word_1_246' title='bbox 404 3365 546 3432; x_wconf 83' lang='lat' dir='ltr'>lontibus</span> <span class='ocrx_word' id='word_1_247' title='bbox 571 3368 683 3432; x_wconf 87' lang='lat' dir='ltr'>addita</span> <span class='ocrx_word' id='word_1_248' title='bbox 710 3375 793 3448; x_wconf 87' lang='lat' dir='ltr'>suut,</span> <span class='ocrx_word' id='word_1_249' title='bbox 826 3365 916 3431; x_wconf 84' lang='lat' dir='ltr'>velut</span> <span class='ocrx_word' id='word_1_250' title='bbox 942 3384 1025 3446; x_wconf 90' lang='lat' dir='ltr'>quae</span> <span class='ocrx_word' id='word_1_251' title='bbox 1052 3365 1094 3429; x_wconf 88' lang='lat' dir='ltr'>ad</span> <span class='ocrx_word' id='word_1_252' title='bbox 1115 3367 1297 3451; x_wconf 79' lang='lat' dir='ltr'>Aegyptum</span> <span class='ocrx_word' id='word_1_253' title='bbox 1325 3374 1472 3450; x_wconf 88' lang='lat' dir='ltr'>spectant</span> <span class='ocrx_word' id='word_1_254' title='bbox 1498 3386 1528 3450; x_wconf 89' lang='lat' dir='ltr'>p.</span> <span class='ocrx_word' id='word_1_255' title='bbox 1545 3366 1612 3449; x_wconf 86' lang='grc'>3,7.</span> 
     </span>
     <span class='ocr_line' id='line_1_28' title="bbox 263 3482 1612 3570; baseline -0.001 -19"><span class='ocrx_word' id='word_1_256' title='bbox 263 3486 365 3569; x_wconf 91' lang='lat'>10,10.</span> <span class='ocrx_word' id='word_1_257' title='bbox 388 3485 498 3570; x_wconf 88' lang='grc'>41,10.</span> <span class='ocrx_word' id='word_1_258' title='bbox 520 3485 665 3570; x_wconf 89' lang='lat' dir='ltr'>inprimis</span> <span class='ocrx_word' id='word_1_259' title='bbox 687 3485 862 3551; x_wconf 90' lang='lat' dir='ltr'>abhorrent</span> <span class='ocrx_word' id='word_1_260' title='bbox 883 3483 925 3548; x_wconf 94' lang='lat' dir='ltr'>ah</span> <span class='ocrx_word' id='word_1_261' title='bbox 940 3482 1120 3548; x_wconf 88' lang='lat' dir='ltr'>Aristotelis</span> <span class='ocrx_word' id='word_1_262' title='bbox 1132 3484 1275 3549; x_wconf 89' lang='lat' dir='ltr'>Historia</span> <span class='ocrx_word' id='word_1_263' title='bbox 1296 3487 1410 3550; x_wconf 90' lang='lat' dir='ltr'>saltem</span> <span class='ocrx_word' id='word_1_264' title='bbox 1426 3486 1612 3551; x_wconf 87' lang='lat' dir='ltr'>animalium</span> 
     </span>
     <span class='ocr_line' id='line_1_29' title="bbox 261 3601 1613 3690; baseline 0.001 -20"><span class='ocrx_word' id='word_1_265' title='bbox 261 3607 405 3690; x_wconf 83' lang='grc' dir='ltr'>ἀνατομοί</span> <span class='ocrx_word' id='word_1_266' title='bbox 422 3605 509 3688; x_wconf 86' lang='grc'>11155,</span> <span class='ocrx_word' id='word_1_267' title='bbox 537 3624 618 3687; x_wconf 89' lang='lat' dir='ltr'>quas</span> <span class='ocrx_word' id='word_1_268' title='bbox 639 3605 825 3670; x_wconf 89' lang='lat' dir='ltr'>animalium</span> <span class='ocrx_word' id='word_1_269' title='bbox 851 3602 1058 3685; x_wconf 91' lang='lat' dir='ltr'>descriptioni</span> <span class='ocrx_word' id='word_1_270' title='bbox 1085 3601 1207 3667; x_wconf 88' lang='lat' dir='ltr'>addere</span> <span class='ocrx_word' id='word_1_271' title='bbox 1233 3605 1321 3668; x_wconf 88' lang='lat' dir='ltr'>solet.</span> <span class='ocrx_word' id='word_1_272' title='bbox 1368 3605 1495 3670; x_wconf 90' lang='lat' dir='ltr'>omniuo</span> <span class='ocrx_word' id='word_1_273' title='bbox 1518 3606 1613 3671; x_wconf 80' lang='lat' dir='ltr'>facile</span> 
     </span>
     <span class='ocr_line' id='line_1_30' title="bbox 261 3720 1614 3807; baseline 0.001 -17"><span class='ocrx_word' id='word_1_274' title='bbox 261 3724 485 3790; x_wconf 90' lang='lat' dir='ltr'>discernuntur</span> <span class='ocrx_word' id='word_1_275' title='bbox 500 3722 747 3807; x_wconf 91' lang='lat' dir='ltr'>Aristophauea,</span> <span class='ocrx_word' id='word_1_276' title='bbox 770 3723 846 3805; x_wconf 92' lang='lat' dir='ltr'>quia</span> <span class='ocrx_word' id='word_1_277' title='bbox 868 3730 901 3789; x_wconf 92' lang='lat' dir='ltr'>et</span> <span class='ocrx_word' id='word_1_278' title='bbox 922 3722 1075 3806; x_wconf 90' lang='lat' dir='ltr'>pristinus</span> <span class='ocrx_word' id='word_1_279' title='bbox 1093 3720 1161 3786; x_wconf 88' lang='grc'>1515</span> <span class='ocrx_word' id='word_1_280' title='bbox 1176 3723 1333 3787; x_wconf 89' lang='lat' dir='ltr'>sermonis</span> <span class='ocrx_word' id='word_1_281' title='bbox 1348 3725 1500 3789; x_wconf 88' lang='lat' dir='ltr'>remansit</span> <span class='ocrx_word' id='word_1_282' title='bbox 1521 3734 1614 3791; x_wconf 91' lang='lat' dir='ltr'>tenor</span> 
     </span>
     <span class='ocr_line' id='line_1_31' title="bbox 258 3840 1613 3930; baseline -0.001 -20"><span class='ocrx_word' id='word_1_283' title='bbox 258 3844 311 3930; x_wconf 87' lang='lat' dir='ltr'>(cf.</span> <span class='ocrx_word' id='word_1_284' title='bbox 332 3843 398 3909; x_wconf 90' lang='lat' dir='ltr'>iud.</span> <span class='ocrx_word' id='word_1_285' title='bbox 415 3843 446 3907; x_wconf 93' lang='grc'>11</span> <span class='ocrx_word' id='word_1_286' title='bbox 465 3864 490 3908; x_wconf 90' lang='lat' dir='ltr'>s.</span> <span class='ocrx_word' id='word_1_287' title='bbox 505 3864 535 3907; x_wconf 87' lang='lat' dir='ltr'>v.</span> <span class='ocrx_word' id='word_1_288' title='bbox 552 3845 651 3928; x_wconf 81' lang='grc' dir='ltr'>ὥσπερ</span> <span class='ocrx_word' id='word_1_289' title='bbox 672 3850 703 3909; x_wconf 88' lang='grc'>51</span> <span class='ocrx_word' id='word_1_290' title='bbox 719 3842 827 3909; x_wconf 89' lang='lat' dir='ltr'>multis</span> <span class='ocrx_word' id='word_1_291' title='bbox 842 3842 915 3908; x_wconf 91' lang='lat' dir='ltr'>aliis</span> <span class='ocrx_word' id='word_1_292' title='bbox 932 3840 1024 3928; x_wconf 90' lang='lat' dir='ltr'>locis)</span> <span class='ocrx_word' id='word_1_293' title='bbox 1053 3849 1085 3907; x_wconf 91' lang='lat' dir='ltr'>et</span> <span class='ocrx_word' id='word_1_294' title='bbox 1106 3841 1305 3907; x_wconf 87' lang='lat' dir='ltr'>describendi</span> <span class='ocrx_word' id='word_1_295' title='bbox 1334 3842 1412 3907; x_wconf 89' lang='lat' dir='ltr'>ordo</span> <span class='ocrx_word' id='word_1_296' title='bbox 1439 3842 1507 3909; x_wconf 90' lang='lat' dir='ltr'>fere</span> <span class='ocrx_word' id='word_1_297' title='bbox 1528 3844 1613 3910; x_wconf 90' lang='lat' dir='ltr'>idem</span> 
     </span>
    </p>
   </div>
   <div class='ocr_carea' id='block_1_8' title="bbox 258 4131 1615 4990">
    <p class='ocr_par' dir='ltr' id='par_1_9' title="bbox 258 4131 1614 4552">
     <span class='ocr_line' id='line_1_32' title="bbox 332 4131 1612 4208; baseline -0.006 -17"><span class='ocrx_word' id='word_1_298' title='bbox 332 4138 350 4203; x_wconf 92' lang='lat'>¹)</span> <span class='ocrx_word' id='word_1_299' title='bbox 373 4137 412 4192; x_wconf 84' lang='lat' dir='ltr'>ef.</span> <span class='ocrx_word' id='word_1_300' title='bbox 427 4134 549 4208; x_wconf 73' lang='grc' dir='ltr'>Ἱστορικά</span> <span class='ocrx_word' id='word_1_301' title='bbox 567 4132 738 4205; x_wconf 62' lang='lat' dir='ltr'>Alsietinam</span> <span class='ocrx_word' id='word_1_302' title='bbox 760 4137 849 4186; x_wconf 89' lang='lat' dir='ltr'>uestra</span> <span class='ocrx_word' id='word_1_303' title='bbox 871 4134 978 4199; x_wconf 89' lang='lat' dir='ltr'>(Athen.</span> <span class='ocrx_word' id='word_1_304' title='bbox 992 4131 1070 4197; x_wconf 75' lang='lat' dir='ltr'>leet)</span> <span class='ocrx_word' id='word_1_305' title='bbox 1088 4149 1114 4200; x_wconf 92' lang='lat' dir='ltr'>p.</span> <span class='ocrx_word' id='word_1_306' title='bbox 1129 4133 1159 4184; x_wconf 85' lang='grc'>61</span> <span class='ocrx_word' id='word_1_307' title='bbox 1169 4148 1225 4199; x_wconf 84' lang='lat' dir='ltr'>sqq.</span> <span class='ocrx_word' id='word_1_308' title='bbox 1249 4133 1311 4196; x_wconf 83' lang='lat' dir='ltr'>[cum</span> <span class='ocrx_word' id='word_1_309' title='bbox 1331 4132 1490 4183; x_wconf 73' lang='grc' dir='ltr'>5511515ᾰί1</span> <span class='ocrx_word' id='word_1_310' title='bbox 1509 4134 1612 4199; x_wconf 75' lang='lat' dir='ltr'>uestiyia</span> 
     </span>
     <span class='ocr_line' id='line_1_33' title="bbox 258 4219 1614 4291; baseline -0.004 -16"><span class='ocrx_word' id='word_1_311' title='bbox 258 4224 384 4291; x_wconf 76' lang='lat' dir='ltr'>reliquerit</span> <span class='ocrx_word' id='word_1_312' title='bbox 406 4225 561 4277; x_wconf 79' lang='lat' dir='ltr'>Constantini</span> <span class='ocrx_word' id='word_1_313' title='bbox 577 4233 711 4289; x_wconf 76' lang='lat' dir='ltr'>excerptor,</span> <span class='ocrx_word' id='word_1_314' title='bbox 730 4239 815 4272; x_wconf 84' lang='lat' dir='ltr'>vereor</span> <span class='ocrx_word' id='word_1_315' title='bbox 833 4237 862 4269; x_wconf 90' lang='lat' dir='ltr'>ne</span> <span class='ocrx_word' id='word_1_316' title='bbox 881 4220 905 4270; x_wconf 82' lang='lat' dir='ltr'>in</span> <span class='ocrx_word' id='word_1_317' title='bbox 923 4219 1046 4286; x_wconf 72' lang='lat' dir='ltr'>culparem</span> <span class='ocrx_word' id='word_1_318' title='bbox 1064 4237 1192 4269; x_wconf 80' lang='lat' dir='ltr'>sermonem</span> <span class='ocrx_word' id='word_1_319' title='bbox 1212 4221 1357 4271; x_wconf 79' lang='lat' dir='ltr'>translatura</span> <span class='ocrx_word' id='word_1_320' title='bbox 1376 4222 1500 4285; x_wconf 73' lang='lat' dir='ltr'>exemplar</span> <span class='ocrx_word' id='word_1_321' title='bbox 1517 4219 1614 4271; x_wconf 76' lang='lat' dir='ltr'>Indico-</span> 
     </span>
     <span class='ocr_line' id='line_1_34' title="bbox 259 4302 1613 4379; baseline -0.004 -16"><span class='ocrx_word' id='word_1_322' title='bbox 259 4330 311 4363; x_wconf 78' lang='lat' dir='ltr'>rum</span> <span class='ocrx_word' id='word_1_323' title='bbox 329 4313 463 4363; x_wconf 80' lang='lat' dir='ltr'>adhibuerit</span> <span class='ocrx_word' id='word_1_324' title='bbox 481 4310 515 4374; x_wconf 85' lang='lat' dir='ltr'>cs.</span> <span class='ocrx_word' id='word_1_325' title='bbox 529 4310 628 4362; x_wconf 74' lang='lat' dir='ltr'>Plotius</span> <span class='ocrx_word' id='word_1_326' title='bbox 647 4309 715 4361; x_wconf 79' lang='lat' dir='ltr'>Ber.</span> <span class='ocrx_word' id='word_1_327' title='bbox 735 4309 787 4361; x_wconf 81' lang='lat' dir='ltr'>cod.</span> <span class='ocrx_word' id='word_1_328' title='bbox 802 4307 835 4359; x_wconf 92' lang='grc'>71</span> <span class='ocrx_word' id='word_1_329' title='bbox 854 4327 879 4373; x_wconf 95' lang='lat' dir='ltr'>p.</span> <span class='ocrx_word' id='word_1_330' title='bbox 891 4306 968 4359; x_wconf 70' lang='lat'>45⁸6</span> <span class='ocrx_word' id='word_1_331' title='bbox 987 4308 1109 4379; x_wconf 77' lang='grc' dir='ltr'>κέχρηται</span> <span class='ocrx_word' id='word_1_332' title='bbox 1127 4309 1160 4376; x_wconf 70' lang='grc' dir='ltr'>τῇ</span> <span class='ocrx_word' id='word_1_333' title='bbox 1177 4302 1279 4377; x_wconf 62' lang='grc' dir='ltr'>Ἰωνική</span> <span class='ocrx_word' id='word_1_334' title='bbox 1297 4306 1420 4377; x_wconf 73' lang='grc' dir='ltr'>διαλέκτῳ</span> <span class='ocrx_word' id='word_1_335' title='bbox 1440 4309 1480 4375; x_wconf 85' lang='grc'>(111</span> <span class='ocrx_word' id='word_1_336' title='bbox 1492 4307 1613 4372; x_wconf 87' lang='lat' dir='ltr'>Persicis)</span> 
     </span>
     <span class='ocr_line' id='line_1_35' title="bbox 259 4390 1614 4468; baseline -0.007 -16"><span class='ocrx_word' id='word_1_337' title='bbox 259 4399 281 4452; x_wconf 80' lang='lat' dir='ltr'>al</span> <span class='ocrx_word' id='word_1_338' title='bbox 299 4399 395 4468; x_wconf 76' lang='grc' dir='ltr'><strong>καὶμὴ</strong></span> <span class='ocrx_word' id='word_1_339' title='bbox 412 4397 530 4461; x_wconf 76' lang='grc' dir='ltr'>δι’ὅλον,</span> <span class='ocrx_word' id='word_1_340' title='bbox 551 4397 615 4451; x_wconf 82' lang='grc' dir='ltr'>ἀλλὰ</span> <span class='ocrx_word' id='word_1_341' title='bbox 638 4396 705 4449; x_wconf 82' lang='grc' dir='ltr'>κατ’</span> <span class='ocrx_word' id='word_1_342' title='bbox 730 4395 814 4452; x_wconf 78' lang='grc' dir='ltr'>ἐνίας</span> <span class='ocrx_word' id='word_1_343' title='bbox 837 4395 924 4452; x_wconf 77' lang='grc' dir='ltr'>τινὰς</span> <span class='ocrx_word' id='word_1_344' title='bbox 945 4391 1045 4453; x_wconf 75' lang='grc' dir='ltr'>λέξεις</span> <span class='ocrx_word' id='word_1_345' title='bbox 1063 4395 1099 4447; x_wconf 89' lang='lat' dir='ltr'>ib.</span> <span class='ocrx_word' id='word_1_346' title='bbox 1112 4411 1136 4445; x_wconf 85' lang='lat' dir='ltr'>v.</span> <span class='ocrx_word' id='word_1_347' title='bbox 1149 4392 1180 4446; x_wconf 83' lang='grc'>11</span> <span class='ocrx_word' id='word_1_348' title='bbox 1201 4394 1233 4445; x_wconf 85' lang='grc' dir='ltr'>τὰ</span> <span class='ocrx_word' id='word_1_349' title='bbox 1250 4390 1340 4446; x_wconf 76' lang='grc' dir='ltr'>Ἰνδικὰ</span> <span class='ocrx_word' id='word_1_350' title='bbox 1422 4394 1448 4446; x_wconf 81' lang='lat' dir='ltr'>lu</span> <span class='ocrx_word' id='word_1_351' title='bbox 1466 4393 1502 4451; x_wconf 83' lang='grc' dir='ltr'>οἶς</span> <span class='ocrx_word' id='word_1_352' title='bbox 1520 4392 1614 4462; x_wconf 74' lang='grc' dir='ltr'>μᾶλλον</span> 
     </span>
     <span class='ocr_line' id='line_1_36' title="bbox 259 4480 1162 4552; baseline -0.008 -13"><span class='ocrx_word' id='word_1_353' title='bbox 259 4486 358 4548; x_wconf 59' lang='lat' dir='ltr'>insultet.</span> <span class='ocrx_word' id='word_1_354' title='bbox 393 4488 428 4550; x_wconf 84' lang='lat' dir='ltr'>cf.</span> <span class='ocrx_word' id='word_1_355' title='bbox 447 4504 510 4552; x_wconf 80' lang='lat' dir='ltr'>quae</span> <span class='ocrx_word' id='word_1_356' title='bbox 529 4486 655 4536; x_wconf 68' lang='grc'>(11515515</span> <span class='ocrx_word' id='word_1_357' title='bbox 674 4483 795 4550; x_wconf 75' lang='lat' dir='ltr'>Simplicii</span> <span class='ocrx_word' id='word_1_358' title='bbox 813 4482 918 4548; x_wconf 72' lang='lat' dir='ltr'>Physica</span> <span class='ocrx_word' id='word_1_359' title='bbox 939 4481 1025 4549; x_wconf 78' lang='lat' dir='ltr'>pix.</span> <span class='ocrx_word' id='word_1_360' title='bbox 1061 4480 1162 4549; x_wconf 76' lang='lat' dir='ltr'>Diuus]</span> 
     </span>
    </p>

    <p class='ocr_par' dir='ltr' id='par_1_10' title="bbox 259 4565 1615 4990">
     <span class='ocr_line' id='line_1_37' title="bbox 331 4565 1614 4640; baseline -0.005 -14"><span class='ocrx_word' id='word_1_361' title='bbox 331 4572 351 4640; x_wconf 77' lang='lat'>²)</span> <span class='ocrx_word' id='word_1_362' title='bbox 375 4573 414 4627; x_wconf 85' lang='lat' dir='ltr'>cf.</span> <span class='ocrx_word' id='word_1_363' title='bbox 433 4571 540 4636; x_wconf 63' lang='grc'>11135</span> <span class='ocrx_word' id='word_1_364' title='bbox 558 4578 607 4625; x_wconf 90' lang='grc'>515.</span> <span class='ocrx_word' id='word_1_365' title='bbox 629 4572 661 4624; x_wconf 84' lang='grc'>37</span> <span class='ocrx_word' id='word_1_366' title='bbox 682 4571 719 4639; x_wconf 90' lang='lat' dir='ltr'>(p.</span> <span class='ocrx_word' id='word_1_367' title='bbox 736 4570 806 4633; x_wconf 79' lang='lat' dir='ltr'>ine.</span> <span class='ocrx_word' id='word_1_368' title='bbox 825 4569 923 4636; x_wconf 83' lang='lat'>8-11)</span> <span class='ocrx_word' id='word_1_369' title='bbox 947 4568 984 4621; x_wconf 85' lang='grc'>40</span> <span class='ocrx_word' id='word_1_370' title='bbox 1001 4570 1038 4637; x_wconf 94' lang='lat' dir='ltr'>(p</span> <span class='ocrx_word' id='word_1_371' title='bbox 1054 4569 1129 4634; x_wconf 90' lang='grc'>11,9)</span> <span class='ocrx_word' id='word_1_372' title='bbox 1151 4569 1186 4621; x_wconf 90' lang='grc'>44</span> <span class='ocrx_word' id='word_1_373' title='bbox 1204 4568 1241 4637; x_wconf 89' lang='lat' dir='ltr'>(p.</span> <span class='ocrx_word' id='word_1_374' title='bbox 1257 4569 1339 4635; x_wconf 89' lang='grc'>11,6),</span> <span class='ocrx_word' id='word_1_375' title='bbox 1360 4568 1395 4622; x_wconf 85' lang='grc'>45</span> <span class='ocrx_word' id='word_1_376' title='bbox 1413 4567 1557 4637; x_wconf 82' lang='grc' dir='ltr'>(ρ.11,14)</span> <span class='ocrx_word' id='word_1_377' title='bbox 1580 4565 1614 4620; x_wconf 89' lang='grc'>55</span> 
     </span>
     <span class='ocr_line' id='line_1_38' title="bbox 259 4654 1615 4730; baseline -0.005 -17"><span class='ocrx_word' id='word_1_378' title='bbox 259 4662 297 4730; x_wconf 89' lang='lat' dir='ltr'>(p.</span> <span class='ocrx_word' id='word_1_379' title='bbox 313 4660 404 4726; x_wconf 85' lang='grc'>14,17)</span> <span class='ocrx_word' id='word_1_380' title='bbox 426 4660 457 4712; x_wconf 88' lang='lat'>61</span> <span class='ocrx_word' id='word_1_381' title='bbox 478 4659 603 4729; x_wconf 86' lang='grc' dir='ltr'>(ρ.17,4)</span> <span class='ocrx_word' id='word_1_382' title='bbox 625 4659 660 4711; x_wconf 88' lang='lat'>88</span> <span class='ocrx_word' id='word_1_383' title='bbox 678 4659 715 4726; x_wconf 90' lang='lat' dir='ltr'>(p.</span> <span class='ocrx_word' id='word_1_384' title='bbox 729 4657 810 4719; x_wconf 83' lang='grc'>16,17</span> <span class='ocrx_word' id='word_1_385' title='bbox 825 4658 887 4721; x_wconf 89' lang='grc'>515.)</span> <span class='ocrx_word' id='word_1_386' title='bbox 909 4656 942 4709; x_wconf 87' lang='grc'>89</span> <span class='ocrx_word' id='word_1_387' title='bbox 962 4656 999 4723; x_wconf 81' lang='lat' dir='ltr'>(p.</span> <span class='ocrx_word' id='word_1_388' title='bbox 1012 4656 1166 4721; x_wconf 84' lang='grc'>17,19515.)</span> <span class='ocrx_word' id='word_1_389' title='bbox 1190 4656 1224 4709; x_wconf 87' lang='grc'>93</span> <span class='ocrx_word' id='word_1_390' title='bbox 1242 4658 1279 4724; x_wconf 93' lang='lat' dir='ltr'>(p.</span> <span class='ocrx_word' id='word_1_391' title='bbox 1292 4656 1374 4721; x_wconf 82' lang='grc'>18,19</span> <span class='ocrx_word' id='word_1_392' title='bbox 1386 4655 1447 4721; x_wconf 84' lang='grc'>515.)</span> <span class='ocrx_word' id='word_1_393' title='bbox 1470 4656 1503 4707; x_wconf 87' lang='grc'>94</span> <span class='ocrx_word' id='word_1_394' title='bbox 1521 4654 1559 4723; x_wconf 87' lang='lat' dir='ltr'>(p.</span> <span class='ocrx_word' id='word_1_395' title='bbox 1572 4654 1615 4719; x_wconf 87' lang='grc'>19,</span> 
     </span>
     <span class='ocr_line' id='line_1_39' title="bbox 260 4740 1615 4816; baseline -0.007 -15"><span class='ocrx_word' id='word_1_396' title='bbox 260 4748 350 4813; x_wconf 88' lang='grc'>5515.)</span> <span class='ocrx_word' id='word_1_397' title='bbox 370 4748 403 4800; x_wconf 80' lang='grc'>98</span> <span class='ocrx_word' id='word_1_398' title='bbox 421 4747 458 4816; x_wconf 93' lang='lat' dir='ltr'>(p.</span> <span class='ocrx_word' id='word_1_399' title='bbox 472 4746 553 4810; x_wconf 86' lang='grc'>19,19</span> <span class='ocrx_word' id='word_1_400' title='bbox 565 4745 625 4812; x_wconf 89' lang='grc'>515.)</span> <span class='ocrx_word' id='word_1_401' title='bbox 647 4746 705 4810; x_wconf 87' lang='grc'>104,</span> <span class='ocrx_word' id='word_1_402' title='bbox 725 4745 773 4797; x_wconf 87' lang='grc'>106</span> <span class='ocrx_word' id='word_1_403' title='bbox 793 4744 830 4812; x_wconf 90' lang='lat' dir='ltr'>(p.</span> <span class='ocrx_word' id='word_1_404' title='bbox 843 4745 918 4809; x_wconf 71' lang='lat' dir='ltr'>een)</span> <span class='ocrx_word' id='word_1_405' title='bbox 940 4744 989 4796; x_wconf 82' lang='lat'>113</span> <span class='ocrx_word' id='word_1_406' title='bbox 1007 4744 1044 4812; x_wconf 90' lang='lat' dir='ltr'>(p.</span> <span class='ocrx_word' id='word_1_407' title='bbox 1060 4743 1135 4810; x_wconf 81' lang='grc'>31,7)</span> <span class='ocrx_word' id='word_1_408' title='bbox 1161 4742 1373 4811; x_wconf 79' lang='lat' dir='ltr'>115(p.31,11)</span> <span class='ocrx_word' id='word_1_409' title='bbox 1400 4743 1457 4807; x_wconf 90' lang='grc'>141,</span> <span class='ocrx_word' id='word_1_410' title='bbox 1479 4741 1537 4806; x_wconf 83' lang='grc'>147,</span> <span class='ocrx_word' id='word_1_411' title='bbox 1557 4740 1615 4794; x_wconf 80' lang='lat' dir='ltr'>lte.</span> 
     </span>
     <span class='ocr_line' id='line_1_40' title="bbox 261 4827 1615 4902; baseline -0.007 -14"><span class='ocrx_word' id='word_1_412' title='bbox 261 4864 293 4873; x_wconf 93' lang='lat'><em>-</em></span> <span class='ocrx_word' id='word_1_413' title='bbox 312 4835 379 4888; x_wconf 90' lang='grc'>1111</span> <span class='ocrx_word' id='word_1_414' title='bbox 401 4837 438 4902; x_wconf 85' lang='lat' dir='ltr'>(p.</span> <span class='ocrx_word' id='word_1_415' title='bbox 452 4834 545 4901; x_wconf 65' lang='lat' dir='ltr'>eale)</span> <span class='ocrx_word' id='word_1_416' title='bbox 563 4833 597 4886; x_wconf 85' lang='lat'>35</span> <span class='ocrx_word' id='word_1_417' title='bbox 616 4834 652 4902; x_wconf 92' lang='lat' dir='ltr'>(p.</span> <span class='ocrx_word' id='word_1_418' title='bbox 664 4832 758 4898; x_wconf 86' lang='grc'>41,10)</span> <span class='ocrx_word' id='word_1_419' title='bbox 784 4832 831 4884; x_wconf 91' lang='grc'>167</span> <span class='ocrx_word' id='word_1_420' title='bbox 851 4831 1003 4900; x_wconf 83' lang='grc' dir='ltr'>(ρ.77,11),</span> <span class='ocrx_word' id='word_1_421' title='bbox 1029 4832 1078 4883; x_wconf 81' lang='lat' dir='ltr'>les</span> <span class='ocrx_word' id='word_1_422' title='bbox 1097 4832 1133 4899; x_wconf 90' lang='lat' dir='ltr'>(p.</span> <span class='ocrx_word' id='word_1_423' title='bbox 1146 4831 1239 4898; x_wconf 85' lang='grc'>77,14)</span> <span class='ocrx_word' id='word_1_424' title='bbox 1265 4831 1315 4884; x_wconf 75' lang='lat' dir='ltr'>lte</span> <span class='ocrx_word' id='word_1_425' title='bbox 1332 4831 1368 4898; x_wconf 92' lang='lat' dir='ltr'>(p.</span> <span class='ocrx_word' id='word_1_426' title='bbox 1382 4830 1458 4899; x_wconf 90' lang='grc'>78,6)</span> <span class='ocrx_word' id='word_1_427' title='bbox 1479 4829 1537 4893; x_wconf 89' lang='grc'>176,</span> <span class='ocrx_word' id='word_1_428' title='bbox 1556 4827 1615 4893; x_wconf 88' lang='grc'>116,</span> 
     </span>
     <span class='ocr_line' id='line_1_41' title="bbox 260 4918 786 4990; baseline -0.008 -15"><span class='ocrx_word' id='word_1_429' title='bbox 260 4921 312 4975; x_wconf 84' lang='grc'>455</span> <span class='ocrx_word' id='word_1_430' title='bbox 331 4921 475 4990; x_wconf 80' lang='grc' dir='ltr'>(ρ.111,4)</span> <span class='ocrx_word' id='word_1_431' title='bbox 495 4920 545 4973; x_wconf 87' lang='grc'>577</span> <span class='ocrx_word' id='word_1_432' title='bbox 564 4921 601 4989; x_wconf 85' lang='lat' dir='ltr'>(p.</span> <span class='ocrx_word' id='word_1_433' title='bbox 616 4920 706 4986; x_wconf 88' lang='grc'>144,9)</span> <span class='ocrx_word' id='word_1_434' title='bbox 725 4918 786 4972; x_wconf 87' lang='grc'>581.</span> 
     </span>
    </p>
   </div>
   <div class='ocr_carea' id='block_1_9' title="bbox 0 0 1775 5610">
    <p class='ocr_par' dir='ltr' id='par_1_11' title="bbox 0 0 1775 5610">
     <span class='ocr_line' id='line_1_42' title="bbox 0 0 1775 5610; baseline 0 0"><span class='ocrx_word' id='word_1_435' title='bbox 0 0 1775 5610; x_wconf 95' lang='lat' dir='ltr'> </span> 
     </span>
    </p>
   </div>
  </div>
 </body>
</html>
