3510 5610
359 308 611 364 smssosnssls
630 310 813 365 fflssoslss
832 284 1027 368 Amissum!
1045 314 1194 367 ΕΡΙΤΟΜΕ
1212 314 1403 369 11403-408
1498 316 1560 381 115

256 478 356 543 ἀλλων
381 488 493 566 τεχνών
521 482 657 568 εὔπορος,
684 484 720 547 δι’
746 487 787 547 ών
813 485 874 548 οἶδε
900 487 967 553 τοὺς
994 486 1080 554 κύνας
1106 487 1262 555 ἐξαπατᾶν·
1297 488 1346 551 δτὲ
1373 488 1425 571 μέν
1450 486 1506 568 γὰρ

255 586 310 666 τῆς
330 586 453 667 γαστρὸς
468 588 582 666 πνεῦμά
594 609 621 647 τι
643 586 787 669 δύσοσμον
804 588 930 671 ἀφιεῖσα,
954 589 1003 651 ὁτὲ
1019 589 1052 651 δέ
1066 589 1162 652 αὐτῶν
1185 590 1267 671 ἐγγὺς
1282 590 1506 673 περισκαίρουσα

254 686 304 748 καὶ
326 692 450 771 κορικῶς
471 688 569 771 ὥσπερ
592 688 778 772 ἀκκιζομένη,
803 690 911 775 ἐπέσχε
934 691 985 770 μὲν
1007 691 1112 759 αὐτούς
1135 696 1187 774 τῆς
1208 693 1300 775 ὁρμῆς
1323 697 1375 774 τῆς
1396 691 1504 774 ἀγρίας.

254 788 392 872 ἠδυνήθη
415 789 448 851 δὲ
469 786 565 873 ἔρωτα
586 790 722 873 ἐμβαλεῖν
744 792 793 853 καὶ
816 794 1006 875 διαθερμῗηναι
1028 795 1099 877 πρδς
1123 794 1207 877 μίξιν·
1237 793 1299 856 ἐπεὶ
1322 796 1370 856 καὶ
1393 794 1505 874 λέγεται

225 888 287 958 σές
312 890 399 954 ταύτδ
426 892 512 961 κυνδς
537 893 586 955 καὶ
613 894 764 962 ἀλώπεκος
791 894 984 963 ξυνελθόντων
1006 897 1057 963 τάς
1078 895 1164 964 κύνας
1185 895 1311 978 φύεσθαι
1333 896 1384 964 τὰς
1406 898 1506 959 Λακω-

254 996 347 1065 νικάς,
368 994 453 1077 αἵπερ
476 995 512 1077 δὴ
536 996 584 1057 καὶ
606 996 720 1058 ἀλωποὶ
742 996 880 1078 λέγονται.
918 994 977 1060 ἀλλ’
998 998 1023 1060 εἰ
1047 1000 1098 1080 μὲν
1119 999 1151 1060 τδ
1175 999 1251 1081 θῆλυ
1274 996 1294 1081 ᾗ
1318 998 1449 1081 ἀλώπηξ,
1472 999 1504 1061 τδ

254 1096 329 1177 φυὲν
356 1094 391 1159 ἀν
420 1096 468 1180 εἴη
496 1099 515 1180 ἡ
543 1097 676 1167 ἀλωπός,
706 1100 731 1161 εἰ
760 1100 793 1161 δέ
822 1100 1002 1185 ἐπιβεβηκώς
1034 1102 1084 1183 μὲν
1114 1096 1134 1183 ᾖ
1164 1100 1298 1182 ἀλώπηξ,
1329 1102 1361 1163 τδ
1390 1099 1505 1183 σπέρμα

254 1198 289 1261 δὲ
313 1203 399 1262 τοῦτο
427 1200 583 1282 δεδεγμένη
609 1196 629 1284 γ’]
658 1202 750 1277 κύων,
778 1203 810 1265 τὸ
836 1202 917 1284 γένος
943 1204 1076 1266 ἐντεῦθεν
1098 1203 1130 1264 τδ
1154 1203 1320 1265 Λακωνικόν
1343 1200 1452 1283 ἔφυσαν
1475 1204 1504 1265 αἱ

254 1300 352 1369 κύνες·
378 1302 410 1364 αἳ
432 1304 468 1385 δὴ
492 1304 540 1366 καὶ
562 1304 657 1366 ἵππων
681 1306 728 1367 καὶ
748 1306 847 1389 θηρῶν
868 1303 958 1375 πόδας
977 1304 1108 1389 ἤλεγξαν.
1147 1306 1215 1367 ἰδών
1237 1305 1326 1373 αδτάς
1345 1304 1505 1373 διωκούσας

210 1418 240 1463 ιο
253 1402 344 1489 φαίης
366 1404 401 1467 ἀν
425 1405 460 1467 ού
482 1404 560 1468 θέειν
584 1410 693 1488 μᾶλλον
717 1408 737 1489 ἦ
760 1408 908 1471 ἵπτασθαι.

340 1507 434 1591 (404)
467 1507 560 1592 Σχοίη
583 1507 609 1571 δ’
629 1507 664 1571 ἂν
686 1510 719 1571 τδ
742 1507 817 1591 ἦθος
838 1510 959 1594 ἀλώπηξ
984 1510 1122 1574 οδδέποτε
1148 1512 1265 1574 τιθασὸν
1288 1508 1348 1573 οὐδ’
1370 1508 1503 1593 εύόμιλον

254 1608 325 1672 οὐδὲ
346 1612 442 1695 φιλίαν
465 1610 613 1674 σπείσαιτο
635 1612 706 1696 πρὸς
728 1613 912 1695 ἀνθρώπους,
934 1612 994 1676 ἀλλ’
1012 1614 1132 1697 ἄμικτος
1151 1615 1199 1699 ἀεὶ
1220 1614 1268 1676 καὶ
1284 1611 1438 1696 ἀπρόσιτος
1457 1614 1503 1676 καὶ

255 1714 351 1776 δόλων
374 1713 513 1777 οὐδέποτε
536 1712 627 1782 ἐκτός.

338 1815 433 1899 (405)
464 1815 584 1880 Δέδοικέ
605 1840 637 1899 γε
660 1817 717 1900 μὴν
740 1816 821 1899 ὅμως
842 1820 891 1881 καλ
906 1818 1003 1902 φεύγει
1026 1818 1127 1881 λεόντα
1147 1819 1195 1881 καὶ
1211 1817 1297 1881 αύτδν
1320 1818 1353 1887 ός
1367 1819 1503 1902 κέκληται

211 1932 240 1977 15
253 1918 435 2003 χαμαιλέων.

339 2020 434 2105 (406)
466 2019 618 2106 Βλαβεράν
645 2024 677 2085 δὲ
705 2021 795 2104 αὐτὴν
821 2023 841 2105 ἡ
870 2022 955 2105 φύσις
984 2025 1124 2107 στάχυσιν
1155 2020 1246 2106 ἔθηκε
1276 2025 1324 2085 καί
1354 2023 1503 2106 ἀμπέλοις.

254 2122 327 2207 ἦρος
348 2123 402 2208 γάρ
426 2124 659 2208 ύπολάμποντος,
686 2125 771 2207 ἡνίκα
797 2126 833 2207 δὴ
857 2126 927 2209 πρὸς
949 2125 1034 2206 γονάς
1055 2127 1084 2188 αἱ
1107 2125 1225 2209 ἄρουραι
1248 2125 1434 2209 διῳδηκασιν,
1458 2122 1503 2209 ἐφ’

254 2220 282 2313 qi
307 2248 360 2311 περ
376 2228 449 2310 αὕτη
472 2228 653 2311 τοῦχωρίου
677 2229 754 2311 τύχη
774 2229 993 2309 καλινδηθεῖσα,
1021 2228 1024 2311 Ι
1052 2228 1154 2291 τούτου
1176 2228 1212 2309 δὴ
1235 2230 1350 2296 πάντως
1371 2229 1558 2313 innisi-:sslf

255 2351 333 2413 ρωσε
361 2332 412 2413 μὲν
439 2329 489 2399 τάς
512 2332 631 2403 ὠδῖνας,
654 2330 823 2413 έξήμβλωκε
846 2330 877 2391 δὲ
900 2331 966 2399 τοὺς
988 2328 1154 2415 <καρ>πούς,
1181 2332 1228 2393 καὶ
1258 2332 1274 2393 ύ
1301 2337 1399 2416 χῶρος
1421 2331 1504 2401 οὖτος

211 2448 242 2493 m
255 2429 365 2516 ἔρημός
387 2434 462 2501 έστι.
485 2434 532 2495 καὶ
559 2432 661 2515 ἄγονος
684 2432 714 2493 έν
735 2432 873 2516 εὐκάρπῳ)
896 2431 952 2515 όλη
976 2434 1101 2496 κείσεται
1122 2438 1159 2514 τῇ
1183 2433 1302 2517 ἀρούρα.
1346 2434 1437 2517 ταύπη
1460 2456 1504 2498 τοι

255 2536 304 2600 καὶ
336 2535 383 2619 ἐφ’
410 2538 495 2619 ἡμῶν
517 2539 574 2596 τῶν
602 2535 764 2617 ἀνθρώπων
794 2535 824 2596 έν
854 2532 879 2619 ᾧ
907 2533 958 2597 δάν
993 2535 1072 2619 με’ρει
1105 2535 1232 2620 συμβαίη
1266 2538 1317 2619 τὴν
1349 2535 1504 2621 <κε>φαλὴν

255 2638 418 2723 φλέγματος
444 2637 533 2720 αὐτὴν
561 2636 776 2720 ὑποδραμόντος
802 2638 980 2720 ἀπορρυῆναι
1006 2638 1057 2707 τὰς
1084 2640 1199 2723 τρίχας,
1226 2638 1389 2701 ἀλωπεκίαν
1417 2640 1515 2702 τοῦτοΙ

255 2744 410 2824 καλοῦμεν.
444 2740 521 2803 ἰᾶται
543 2739 575 2801 δέ
590 2738 670 2821 ὅμως
685 2740 756 2801 αὐτὸ
772 2740 805 2802 τδ
821 2740 930 2822 ἐκείνης
949 2740 1035 2823 στέαρ
1055 2742 1101 2802 καὶ
1117 2740 1218 2824 τρίχας
1233 2741 1329 2821 ἀνάγει
1344 2744 1502 2809 νεοθαλεῐς.

254 2846 289 2907 τδ
311 2843 403 2927 δέρμα
425 2841 449 2905 δ’
472 2840 505 2904 ἀν
528 2842 691 2926 φοινιχθείη
714 2843 807 2926 νίτρου
822 2842 903 2927 αύτῷ
919 2841 1056 2927 πρότερον
1080 2846 1196 2910 πυκνῶς
1209 2842 1448 2926 ἐπιπαττομένου.

210 2962 241 3008 25
255 2946 349 3029 (407)
374 2946 400 3009 εἰ
427 2946 459 3009 δὲ
485 2945 573 3029 λέβης
599 2944 689 3027 αὐτὴν
716 2944 841 3027 διατήξει
868 2950 964 3016 ζῶσαν
990 2946 1088 3008 ἐλαίου
1112 2946 1226 3028 πλήρης
1248 2946 1288 3007 ὢν
1312 2944 1356 3007 ότι
1379 2948 1502 3029 μάλιστα

255 3053 378 3113 παλαιοῦ
401 3048 436 3109 οδ
458 3048 570 3131 φαύλας
591 3045 625 3109 ἂν
648 3048 768 3131 χάριτας
790 3048 854 3130 δοίη
878 3048 959 3130 ἀνδρὶ
981 3050 1111 3131 ποδάγρα
1133 3048 1335 3132 πεπεδημένῳ.

341 3148 434 3233 (408)
469 3145 527 3211 Ἐκ
555 3154 615 3232 τῆς
640 3147 860 3233 Ἕξαημέρου
890 3156 949 3213 τοδ
981 3152 1079 3213 θείου
1110 3148 1314 3213 Βασιλείου.
1364 3149 1503 3233 Ἀλώττηξ

256 3254 334 3340 βέλει
356 3253 502 3337 τρωθεῖσα
524 3255 568 3335 τῷ
592 3251 708 3335 δακρύῳ
731 3257 782 3335 τῆς
804 3254 902 3322 πίτυος
925 3254 1029 3336 ἑαυτὴν
1053 3254 1139 3316 ἰᾶται.

196 3512 279 3575 κύων,
292 3510 377 3581 ὥσπερ
389 3508 569 3577 συγγινομένων
585 3506 658 3565 κυνδς
670 3510 713 3560 καὶ
723 3508 826 3577 τίγριδος
838 3510 947 3562 τίκτεται
960 3508 973 3562 ὁ
986 3508 1083 3568 Ἰνδικὸς
1096 3510 1175 3563 κύων.
1200 3512 1232 3564 τί.
1246 3512 1327 3565 Arist.
1335 3511 1395 3563 hist.
1403 3510 1482 3563 anim.
1492 3506 1554 3563 8²28

197 3616 226 3669 p.
238 3598 329 3651 60723
473 3596 501 3646 ll
525 3593 609 3663 σχοίη]
634 3595 747 3647 Timoth.
766 3613 791 3663 p.
805 3596 852 3661 ἰ’,4
874 3596 911 3649 ότι
930 3597 1046 3650 οθδέποτε
1067 3600 1202 3667 ἡμεροῦται
1345 3598 1375 3649 li
1399 3597 1494 3649 δέδοικέ
1514 3596 1553 3666 γε]

196 3686 314 3739 Timoth.
331 3702 357 3753 p.
372 3682 419 3748 7,“ί
443 3680 480 3734 ὅτι
502 3681 612 3750 φοβεῖται
634 3682 680 3751 τὴν
701 3681 779 3753 χολὴν
801 3689 845 3736 τού
867 3684 1044 3754 χαμαιλέοντος
1065 3692 1109 3738 τοῦ
1131 3687 1265 3754 λεγομένου
1287 3682 1437 3755 φυσιγνάθου

199 3772 235 3825 16
253 3770 388 3842 βλαβερὰν]
407 3770 519 3822 Τίτιιοίλι.
534 3785 561 3836 p.
572 3769 618 3833 7‚9
637 3766 675 3823 ότι
693 3769 827 3839 κυλιομίνη
847 3772 873 3823 έν
892 3773 1005 3841 σπομίμῳ
1023 3773 1110 3842 χωρίῳ
1129 3780 1194 3825 ποιεῖ
1210 3774 1253 3825 τὸν
1271 3774 1347 3825 τόπον
1365 3770 1426 3826 ὅπου
1445 3772 1554 3824 κυλίεται

196 3858 236 3929 μὴ
255 3858 405 3927 βλαστῆσαι·
431 3855 488 3911 ὅθεν
505 3859 549 3909 καί
566 3856 695 3909 ἀλιυπεκία
715 3856 811 3926 λέγεται
830 3859 870 3911 ἐπὶ
890 3866 942 3910 τῶν
963 3859 1007 3915 τάς
1024 3859 1110 3928 τρίχας
1128 3859 1322 3928 ἀποβαλλόντων
1341 3860 1356 3929 ἡ
1377 3860 1412 3928 μὴ
1431 3860 1553 3927 φυόντων.

196 3944 233 3999 τί.
251 3944 338 4012 Ειγιυ.
355 3947 441 4009 sagn.
461 3962 486 4013 p.
499 3944 589 4009 :ssi
616 3944 701 3997 Schol.
719 3946 747 3997 iu
765 3946 865 3998 Gallim.
884 3946 914 3996 Π.
931 3947 960 3997 in
980 3948 1055 3997 Dian.
1067 3946 1100 3998 79
1205 3948 1239 3999 s:
1258 3946 1375 4017 ἀλώπηξ]
1396 3948 1454 3999 Bas.
1468 3949 1553 4013 Magn.

195 4034 276 4087 Hom.
289 4033 327 4085 lx
347 4034 377 4085 in
395 4034 552 4085 Hexaemero
571 4033 720 4100 ed.i1ignii
738 4033 832 4085 i‘airol.
849 4034 940 4086 Graec.
959 4034 1010 4086 vol.
1022 4034 1117 4086 XXIX
1135 4051 1160 4102 p.
1174 4036 1246 4087 liis
1266 4034 1325 4092 ἴδοις
1342 4032 1361 4086 δ’
1378 4034 1408 4086 ἂν
1426 4035 1468 4086 καὶ
1486 4034 1553 4087 α’λώ-

196 4138 266 4173 πεκα
284 4124 323 4189 τῷ
340 4118 442 4191 δακρύῳ
461 4124 507 4190 τῖγς
525 4119 609 4178 πίτυος
628 4120 719 4189 ἑαυτὴν
738 4121 847 4190 ίωμίνην

196 4276 358 4285 ——-
368 4278 489 4285 ———.—·
521 4278 552 4283 --
566 4277 599 4283 --

194 4360 410 4431 θάκιζομίνηῦ
508 4358 706 4429 ἀδιαθερμῆναι
723 4359 785 4430 πρὸς
803 4360 867 4426 μίξιν
883 4362 989 4430 scripsi:
1007 4362 1047 4415 διὰ
1065 4362 1160 4433 θερμὴν
1178 4362 1256 4433 αδτην
1275 4363 1378 4432 μίξινί)
1479 4364 1552 4418 6λέ-

193 4466 283 4519 γονται
299 4448 407 4516 scripsi:
430 4446 554 4515 λεγίονται
575 4448 595 4498 i)
738 4448 754 4498 7
773 4448 794 4499 τί
812 4448 838 4501 δὲ
857 4450 1015 4519 ἐπιβεβηκὼς
1036 4452 1140 4517 scripsi:
1167 4451 1231 4503 τίδὲ
1253 4451 1318 4504 τίδὲ
1338 4451 1453 4521 βεβηκὼς
1472 4454 1494 4505 D

195 4536 214 4589 8
236 4534 264 4589 δέ
282 4540 357 4587 τοῦτο
375 4534 505 4604 δεδεγμένη
524 4531 629 4605 {psius
648 4536 752 4602 scripsi:
776 4534 802 4587 δέ
820 4535 849 4587 τδ
870 4536 1013 4605 δεδεγμένον
1032 4538 1048 4608 ί,
1067 4539 1130 4590 κίων
1149 4539 1171 4590 l)
1263 4541 1289 4590 ll
1311 4540 1464 4592 τιθασσὸνῡ

197 4624 232 4677 14
249 4622 328 4675 αδτδν
343 4624 449 4690 scripsi:
468 4622 543 4681 αύτδς
561 4624 582 4675 D
683 4622 714 4674 15
733 4622 931 4691 χαλμαιλέωνθ
1035 4626 1063 4677 17
1083 4625 1113 4696 δὴ
1133 4627 1240 4693 scripsi:
1258 4625 1284 4677 δὲ
1303 4628 1324 4677 Ι)
1434 4629 1464 4680 18
1487 4627 1551 4699 αύτη

194 4710 304 4779 scripsi:
327 4710 393 4781 αύπὴ
411 4712 434 4763 Ι)
576 4708 662 4763 18.19
680 4709 824 4780 έσκλήρωσε
842 4713 948 4779 ssiipsi:
968 4711 1098 4782 ἐπλήρωσε
1118 4714 1138 4763 Ι)
1263 4714 1293 4765 19
1317 4713 1427 4783 καρπούς
1445 4717 1552 4784 scripsi:

195 4796 344 4861 ....πούς;
363 4803 448 4851 σείετο
466 4799 555 4851 blattis
574 4814 677 4851 corrosa
696 4798 717 4849 I)
859 4800 889 4850 ⁴21
915 4796 936 4868 qi
955 4796 974 4849 δ’
990 4797 1020 4849 ἀν
1041 4799 1061 4849 [λ
1084 4799 1294 4866 ci.sdp.12«i‚8
1439 4802 1552 4873 κεφαλὴν

195 4884 443 4955 εετῑρείτ,..φαλὴν
460 4886 483 4937 1)
589 4885 623 4937 :5
646 4884 681 4935 ών
700 4886 807 4952 scripsi:
831 4884 859 4937 δν
879 4886 899 4936 Ι)
1025 4886 1057 4937 28
1081 4886 1146 4955 βέλει
1165 4888 1269 4955 scripsi:
1294 4886 1343 4939 έλει
1362 4890 1384 4940 1)
1424 4899 1431 4913 ·

1305 4972 1352 5039 8*
