3510 5610
296 334 549 391 ARISTOPHANIS
567 334 752 391 HISTORIAE
771 334 965 388 ANIMALIUM
983 335 1132 390 EPITOME
1151 335 1175 388 Π
1196 333 1341 388 139-144
1456 320 1496 399 ᾗ]

192 510 297 601 θήλεια
319 512 387 595 ψιλή
412 511 482 574 ἐστι.
519 510 619 594 βάλλει
630 496 674 570 ’δὲ
694 509 743 571 καὶ
759 514 816 571 τῶν
840 508 964 573 ὀδόντων
986 508 1052 577 τοὺς
1066 507 1238 576 κυνόδοντας
1260 505 1443 591 λεγομένους,

194 613 245 675 δύο
267 612 380 676 ἄνωθεν
404 614 452 675 καὶ
475 612 607 675 κάτωθεν
631 610 691 674 δύο.
775 613 868 694 (140)
894 612 992 697 ὀχεύει
1014 611 1046 674 δέ
1068 608 1097 693 (ό
1115 608 1218 694 ἄρρην)
1240 611 1288 672 καὶ
1311 610 1445 694 ὀχεύεται

193 717 213 799 ή
236 717 343 800 θήλεια
365 720 461 778 πᾶσαν
484 715 562 798 ώραν
584 714 718 797 καθάπερ
741 715 757 777 ό
780 713 948 799 ἅνθρωπος,
971 715 1020 777 καί
1041 713 1164 797 ἄρχεται
1185 713 1289 797 βαίνειν
1312 712 1379 775 όταν
1401 710 1445 793 γέ-

192 842 274 901 νηται
299 820 469 901 διμηνιαῖος.
507 816 605 902 ὀχεύει
629 817 661 878 δὲ
683 817 898 900 συγκαθισοίσης
920 823 972 901 τῆς
993 816 1125 901 θηλείας·
1160 814 1297 900 ἐπιβαίνει
1318 816 1381 898 γάρ.

163 922 286 1004 ο(141)
307 922 369 984 κύει
392 921 424 983 δὲ
440 920 491 983 δύο
515 925 616 1002 μῆνας.
651 918 738 980 τίκτει
761 920 792 981 δὲ
807 912 856 982 τόν
879 919 946 982 ύλον
969 920 1029 1005 βίον
1046 917 1170 1000 αότῆςῆ
1187 916 1285 979 λέαινα
1301 918 1443 986 πεντάκις.

192 1026 240 1087 καὶ
263 1025 297 1086 τδ
321 1024 373 1106 μέν
396 1027 511 1108 πρῶτον
533 1021 619 1084 πέντε
641 1023 772 1104 σκυμνία,
795 1021 856 1085 είτα
872 1022 1008 1106 τέσσαρα,
1031 1019 1182 1105 ἐχομένως
1203 1020 1275 1103 τρία,
1298 1019 1360 1082 εἶτα
1382 1019 1443 1091 δύο,

193 1128 240 1189 ἐπὶ
262 1131 349 1189 πᾶσιν
366 1126 407 1202 έν,
430 1127 479 1189 καί
502 1124 597 1188 ούκέτι
613 1125 815 1209 συλλαμβάνει.
895 1124 987 1206 (142)
1009 1121 1069 1187 ἔστι
1092 1123 1124 1186 δὲ
1139 1122 1175 1184 τόι
1189 1121 1341 1204 τικτόμενα
1358 1122 1443 1206 μικρὰ

194 1231 240 1292 καί
262 1229 359 1313 τυρλά
381 1229 513 1312 καθάπερ
536 1225 630 1301 κυνός,
654 1228 730 1290 ὥστε
753 1226 835 1309 μόλις
858 1227 930 1311 μετὰ
956 1227 1072 1310 δίμηνον
1096 1225 1228 1311 βαδίζειν.
1314 1224 1407 1309 (143)
1428 1225 1444 1286 ό

192 1334 224 1395 δὲ
247 1331 401 1414 λεγόμενος
424 1331 518 1415 μῦθος
541 1329 584 1392 ότι
607 1329 740 1414 ἐκβάλλει
763 1330 814 1399 τὰς
837 1333 947 1414 μήτρας
968 1335 1091 1392 τεκοῦσα
1117 1334 1174 1391 τών
1202 1329 1269 1410 είκγ]
1295 1349 1444 1391 πεπιστευ-

152 1451 180 1494 10
196 1437 300 1519 μένων.
381 1433 475 1516 (144)
497 1431 557 1495 ἔστι
580 1433 613 1495 δὲ
629 1434 644 1494 ό
659 1432 734 1495 λε’ων
753 1433 786 1495 τό
803 1432 876 1516 ἦθος
890 1436 1042 1516 λιμώττων
1060 1432 1111 1515 μέν
1127 1430 1265 1516 χαλεπός,
1289 1431 1445 1515 βεβρωκὼς

192 1540 224 1602 δέ
246 1539 339 1622 πραύς
361 1537 408 1599 καί
430 1536 646 1620 φιλοπαίγμων,
663 1534 721 1598 ’καὶ
743 1533 809 1598 οὔτε
832 1535 995 1619 ὑπερόπτης
1018 1534 1083 1598 ούτε
1106 1539 1163 1597 τῶν
1187 1534 1321 1617 συνήθων
1347 1534 1444 1616 ἀδικη-

190 1640 277 1710 τικός.
327 1639 483 1724 συσχεθεὶς
509 1639 541 1701 δὲ
568 1643 606 1721 τῇ
636 1638 740 1722 θηρείρ
767 1638 823 1701 ύπό
850 1642 980 1712 πολλῶν,
1008 1638 1147 1702 οὐδέποτε
1173 1637 1286 1721 φεύγει,
1313 1636 1380 1699 οὐδὲ
1408 1635 1443 1698 τό

191 1746 310 1808 ὀπίσθια
334 1745 421 1806 διδοῖ·
449 1741 596 1826 ύποβαίνει
619 1742 651 1803 δὲ
667 1740 739 1803 κατὰ
755 1740 857 1810 σκέλος
880 1742 1079 1827 βρυχώμενος,
1102 1742 1214 1823 καὶτῷ
1237 1739 1288 1820 μέν
1311 1740 1443 1824 βαλλοντι

192 1847 395 1931 προσέρχεται,
418 1849 461 1929 τῷ
485 1844 517 1906 δὲ
539 1844 579 1926 μὴ
595 1843 629 1907 οό
650 1842 791 1926 πρόσεισι.
826 1845 939 1908 διώκων
957 1845 989 1907 δὲ
1006 1843 1069 1930 ἔχει
1091 1844 1228 1928 δρόμημα
1250 1839 1253 1928 ή
1278 1843 1409 1906 σύντονον
1421 1855 1497 1899 τισιν

150 1967 177 2011 15
192 1952 325 2033 καθάπερ
347 1948 395 2010 καὶ
418 1948 445 2009 σί
467 1946 559 2015 κύνες.
597 1949 767 2029 συνεγγίίων
790 1947 823 2008 δὲ
837 1950 880 2032 τιγῖ
897 1948 1066 2032 διωκομένῳ
1088 1949 1137 2010 καί
1157 1948 1315 2032 ἐπιρρίπτει
1330 1943 1442 2017 ἑαυτόν,

135 2173 190 2242 ἔχει
207 2171 234 2223 δέ
251 2171 268 2239 ή
287 2169 371 2221 λέαινα
389 2169 492 2239 χαίτην,
511 2168 591 2223 dm
613 2169 690 2239 ἀμην
708 2168 781 2221 λέων.
814 2168 897 2238 βάλλει
916 2169 941 2221 δὲ
960 2167 973 2220 ὀ
992 2167 1057 2220 λέων
1077 2175 1129 2221 τῶν
1148 2169 1256 2221 ὀδόντων
1274 2169 1332 2227 τοδς
1350 2164 1497 2221 κυνύόοντας

135 2259 306 2326 καλουμένους
327 2257 446 2326 τέτταρας
466 2257 570 2323 μόνους,
592 2256 636 2309 δύο
658 2258 703 2324 μὲν
724 2255 822 2310 ἀνωθεν
843 2256 887 2309 δύο
909 2257 934 2308 δέ
953 2255 1081 2309 κάτωθεν·
1111 2256 1194 2326 βάλλει
1215 2256 1234 2309 δ’
1251 2255 1372 2325 ἑξάμηνος
1394 2253 1429 2305 διν
1451 2252 1497 2320 τήν

134 2346 235 2415 ἡλικίαν
377 2345 392 2396 2
417 2343 511 2413 ὀχεύει]
531 2345 612 2397 Arist.
625 2346 685 2396 hist.
699 2343 858 2398 anim.Z31
879 2362 905 2413 p.
920 2344 1027 2397 579232
1051 2343 1133 2415 ὀχεύει
1154 2345 1179 2397 δέ
1202 2346 1245 2397 καὶ
1265 2346 1344 2397 τίκτει
1365 2341 1395 2394 ού
1417 2345 1497 2392 πᾶσαν
1607 2361 1610 2364 >

135 2433 215 2503 ὦρον,
230 2431 288 2484 καθ’
301 2432 406 2484 ἕκαστον
421 2433 505 2500 μέντοι
517 2431 561 2484 τὸν
574 2433 692 2484 ἐνιαυτόν.
718 2433 763 2485 sed
779 2434 811 2485 εί.
824 2432 881 2485 Ael.
893 2437 945 2484 nat.
957 2433 1035 2484 anim.
1047 2432 1124 2485 1v34
1141 2436 1176 2500 (p.
1187 2433 1229 2497 94,
1235 2431 1269 2484 32
1283 2432 1385 2493 Herch.)
1405 2425 1497 2497 μίξεως

134 2521 161 2573 δέ
176 2521 251 2572 αύτόν
264 2519 366 2588 ούδεμία
380 2520 449 2577 ἔτους
461 2517 604 2571 ἀναστέλλει
616 2518 670 2590 ώρα
758 2521 774 2574 3
793 2521 897 2590 ἄρχεται
911 2519 1012 2588 βαίνειν]
1027 2521 1106 2572 Arist.
1120 2522 1180 2572 hist.
1193 2522 1272 2572 anim.
1283 2519 1306 2573 Z
1317 2520 1348 2571 31
1368 2535 1393 2586 p.
1404 2517 1495 2570 57917

133 2609 214 2660 τίκτει
232 2608 259 2660 δὲ
279 2609 322 2659 καί
339 2606 353 2659 ό
371 2606 436 2659 λε’ων
454 2608 518 2659 πάνυ
536 2607 614 2675 μικρὰ
633 2605 713 2666 σύτως
732 2607 797 2660 ώστε
815 2607 905 2678 δίμηνα
918 2606 977 2659 ύντα
997 2606 1068 2674 μόλις
1088 2607 1200 2676 βαδίζειν.
1228 2607 1261 2659 σί.
1280 2608 1337 2660 Ael.
1351 2613 1404 2660 nat.
1417 2609 1496 2658 anim.

136 2695 220 2748 1134
240 2698 276 2762 (p.
290 2694 355 2760 95‚5
374 2695 477 2758 Ilerch.)
591 2696 607 2745 4
630 2694 723 2764 ὀχεύει]
744 2696 823 2748 Arist.
836 2697 897 2748 hist.
911 2697 990 2747 anim.
1004 2692 1053 2747 52
1072 2711 1097 2762 p.
1111 2694 1216 2746 539b21
1242 2694 1271 2746 οό
1290 2695 1340 2764 μὴν
1359 2693 1451 2760 δμοίως
1469 2711 1496 2761 γε

134 2785 216 2835 πάντα
235 2782 424 2852 πλησιάζουσιν,
442 2781 505 2834 ἀλλὰ
523 2783 554 2834 τό
573 2783 618 2849 μέν
637 2781 832 2853 ὀπισθουρητικὰ
850 2784 962 2835 συνιόντα
982 2782 1099 2852 πυγηδόν,
1118 2781 1168 2834 οίον
1186 2782 1282 2840 λέοντες
1301 2783 1344 2834 καὶ
1362 2781 1497 2840 δασύποδες

134 2871 180 2921 καὶ
196 2869 299 2937 λύγκες·
325 2876 377 2921 τῶν
395 2869 421 2922 δέ
439 2869 585 2921 δασυπόδων
604 2870 647 2922 καὶ
666 2869 785 2929 πολλάκις
803 2872 819 2941 ή
839 2870 928 2940 θήλεια
946 2872 1054 2940 προτέρα
1072 2870 1197 2939 ἀναβαίνει
1217 2871 1256 2923 ἐπί
1274 2870 1318 2922 τόν
1336 2871 1424 2939 ἄρρενα

133 2957 151 3009 5
172 2956 237 3025 κύει]
258 2957 315 3009 Αεί.
328 2961 382 3008 nat.
395 2959 475 3009 anim.
489 2956 570 3009 11134
589 2960 624 3025 (p.
638 2957 721 3022 94,3·2
739 2959 843 3023 Hereh.)
866 2957 921 3011 κύει
939 2958 964 3011 δὲ
984 2959 1031 3027 ἄρα
1050 2964 1137 3027 μηνῶν
1155 2957 1199 3009 δύο
1305 2957 1395 3026 τίκτει]
1415 2959 1496 3010 Arist.

135 3060 222 3112 gener.
235 3046 316 3097 anim.
330 3040 376 3096 Pl
399 3061 425 3111 p.
438 3044 546 3097 750032
569 3044 598 3096 τό
621 3045 666 3112 μὲν
688 3046 734 3114 γὰρ
757 3045 874 3116 πρότερον
895 3047 974 3098 τίκτει
997 3047 1069 3097 πέντε
1092 3044 1107 3115 ή
1131 3045 1169 3107 έξ,
1193 3044 1245 3097 εἶτα
1266 3049 1304 3115 τῷ
1329 3045 1424 3116 ὑστέρῳ
1447 3046 1496 3097 ἔτει

132 3132 270 3201 τέτταρας,
291 3131 363 3184 πάλιν
382 3132 407 3184 δέ
426 3139 490 3201 τρεῖς
508 3130 640 3198 σκύμνους,
659 3132 711 3184 εἶτα
728 3133 770 3185 τόν
790 3134 908 3203 ἐχόμενον
927 3131 1032 3202 ἀριθμὸν
1051 3131 1099 3190 ἕως
1119 3133 1183 3196 ἑνός,
1204 3131 1249 3184 εἶτ’
1265 3131 1338 3185 ούθὲν
1357 3133 1392 3192 ώς
1411 3134 1496 3194 ἐξανα-

134 3219 285 3285 λισκομένου
304 3225 349 3271 τοῦ
367 3219 554 3290 περιττώματος
577 3221 620 3272 καί
639 3219 691 3288 ἀμα
708 3226 754 3289 τῆς
772 3221 870 3291 ήλικίας
888 3220 1011 3291 ληγούσης
1030 3218 1157 3289 φθίνοντος
1175 3225 1220 3272 τοῦ
1239 3223 1386 3290 σπέρματος.
1416 3221 1496 3275 cf.10

134 3323 161 3375 p.
174 3305 294 3359 760b23.
322 3306 379 3359 Ael.
392 3310 446 3358 nat.
459 3308 538 3358 anim.
552 3308 585 3359 IV
599 3307 632 3360 34
651 3309 687 3375 (p.
700 3307 763 3371 95‚1
784 3310 887 3373 Herch.)
994 3309 1018 3360 7.
1031 3308 1048 3360 8
1071 3307 1148 3377 μικρὰ
1166 3308 1209 3359 καί
1227 3306 1320 3377 τυφλοὶ]
1340 3310 1421 3363 Arist.
1434 3310 1495 3362 hist.

133 3395 214 3446 anim.
227 3391 251 3446 Z
263 3393 294 3445 31
315 3410 341 3461 p.
353 3393 444 3446 51911
465 3394 508 3460 (τί
526 3397 622 3461 ευριπ).
651 3395 706 3447 Ael.
720 3401 774 3448 nat.
787 3398 866 3448 anim.
880 3399 915 3450 IV
928 3396 962 3449 34
980 3399 1016 3463 (p.
1030 3394 1104 3459 95,4)
1214 3396 1229 3448 9
1253 3395 1384 3465 λεγόμενος
1402 3396 1494 3466 μῦθος]

135 3483 216 3534 Arist.
229 3482 291 3533 hist.
304 3481 384 3533 anim.
397 3479 419 3533 Z
432 3480 463 3533 31
484 3480 615 3549 ρ.5191“2
636 3480 650 3533 ό
668 3481 694 3533 δέ
712 3480 809 3552 λεχθείς
828 3483 907 3552 μῦθος
926 3487 980 3556 περί
992 3489 1036 3539 τού
1055 3482 1184 3553 ἐκβάλλειν
1202 3485 1246 3542 τὰς
1259 3483 1361 3554 ὐστέρας
1379 3485 1495 3538 τίκτοντα

134 3568 253 3639 ληρώδης
276 3569 334 3621 ἐστί.
365 3568 398 3620 σί.
418 3569 473 3622 Αοί.
487 3572 541 3621 nat.
554 3570 633 3621 anim.
647 3571 681 3622 lv
695 3569 728 3622 34
747 3572 782 3638 (p.
796 3571 860 3636 95‚6
879 3574 982 3638 Herch.)
1145 3571 1176 3622 10
1199 3571 1228 3623 τὸ
1246 3569 1321 3641 ἦθος]
1341 3574 1420 3626 Arist·
1433 3576 1495 3627 hist.

133 3658 215 3707 anim.
228 3652 286 3707 144
305 3672 331 3722 p.
345 3654 436 3707 629¹>ss
460 3655 567 3727 καὶγὰρ
586 3656 600 3708 ό
618 3657 683 3708 λέιυν
702 3659 727 3709 έν
745 3677 776 3728 τη
796 3658 888 3727 βρώσει
906 3662 950 3727 μέν
969 3658 1148 3728 χαλεπώτατός
1167 3659 1227 3722 ἐστι,
1245 3661 1281 3728 μὴ
1298 3668 1389 3713 πεινῶν
1408 3661 1433 3714 δέ
1452 3663 1495 3715 καί

135 3743 275 3814 βεβρωκὼς
294 3743 441 3813 πραότατος.
475 3743 526 3796 έστι
547 3744 573 3796 δὲ
593 3744 621 3796 τὸ
640 3744 703 3814 ήθος
721 3745 768 3815 οόχ
787 3745 900 3823 ύπόπτης
919 3745 1016 3804 οὺόενός
1035 3743 1084 3798 οόδ’
1101 3743 1261 3813 ὑφορώμενος
1282 3746 1366 3811 οὐδέν,
1389 3750 1450 3818 πρός
1468 3769 1495 3802 τε

133 3831 166 3881 τά
180 3829 306 3900 σύντροφα
324 3832 368 3882 καί
381 3830 475 3900 συνήθη
495 3830 589 3899 σφόδρα
609 3830 782 3900 φιλοπαίγμων
800 3834 843 3884 καὶ
857 3833 1008 3901 στερκτικύς.
1037 3833 1063 3885 έν
1081 3831 1106 3884 δέ
1126 3839 1179 3890 ταῖς
1197 3832 1285 3903 θήραις
1304 3833 1430 3906 ὁρώμενος
1449 3838 1494 3905 μὲν

133 3917 254 3969 οὐδέποτε
272 3917 357 3987 φεύγει
376 3917 431 3970 οὐδὲ
449 3918 565 3986 πτήσσει,
584 3918 636 3971 ἀλλ’
653 3920 695 3971 έάν
714 3921 757 3972 καὶ
775 3919 815 3971 διὰ
833 3919 930 3988 πλῆθος
948 3920 1094 3990 ἀναγκασθῇ
1113 3926 1165 3971 τῶν
1184 3919 1343 3989 θηρευόντων
1362 3922 1495 3993 ὑπαγαγεῖν

102 4061 106 4068 .
135 4004 213 4074 βάδην
233 4005 362 4076 ὑποχωρεῖ
378 4006 421 4057 καὶ
440 4006 505 4056 κατὰ
523 4005 619 4069 σκέλος,
635 4008 701 4058 κατὰ
718 4007 798 4078 βραχὺ
813 4008 1016 4077 ἐπιστρεφόμενος
1026 4046 1033 4058 .
1044 4046 1050 4059 .
1061 4046 1068 4059 .
1078 4006 1107 4058 τό
1120 4006 1145 4058 δέ
1158 4006 1274 4077 δρόμημα
1288 4017 1398 4080 συνεχῶς
1410 4011 1494 4081 ὥσπερ

133 4093 209 4150 κυνός
222 4093 274 4144 ἐστι
292 4094 504 4160 κατατεταμένον·
526 4093 627 4145 διώκων
646 4095 730 4162 μέντοι
744 4094 877 4164 ἐπιρρίπτει
895 4095 991 4159 ἑαυτόν,
1009 4094 1068 4147 όταν
1085 4116 1102 4166 η
1121 4096 1237 4166 πλησίον·
1260 4096 1343 4168 ἀληθῆ
1363 4098 1388 4150 δέ
1408 4101 1494 4153 καὶτὰ

133 4179 254 4247 λεγόμενα
271 4180 302 4231 τό
320 4198 348 4231 τε
366 4178 496 4248 φοβεῖσθαι
514 4181 620 4247 μάλιστα
640 4181 669 4234 τὸ
687 4187 749 4249 πῦρ,
771 4181 854 4251 ὥσπερ
876 4183 920 4233 καὶ
937 4179 1049 4250 Ὅμηρος
1070 4183 1183 4253 ἐποίησεν
1201 4183 1353 4251 ’“καιόμεναί
1371 4205 1397 4237 τι
1419 4187 1494 4251 δεταί,

132 4270 178 4324 τάς
190 4285 218 4317 τε
238 4272 290 4333 τρεῖ
303 4266 434 4334 ἐσσύμενός
454 4265 528 4337 περ”,
546 4271 590 4320 καί
607 4268 636 4321 τὸ
649 4269 692 4321 τόν
711 4268 817 4337 βαλόντα
831 4271 973 4339 τηρήσαντα
991 4269 1071 4322 ἵεσθαι
1084 4271 1124 4323 έπὶ
1141 4275 1241 4322 τοῦτον·
1264 4273 1306 4324 ἐὰν
1325 4273 1351 4325 δέ
1364 4293 1400 4332 τις
1414 4274 1492 4346 βάλλη

134 4355 180 4420 μέν
193 4355 240 4421 μή,
258 4355 348 4425 ἐνοχλῇ
368 4355 393 4407 δέ
412 4355 496 4419 αύτόν,
514 4356 557 4407 ἐὰν
570 4356 670 4416 έπαῑξας
689 4356 809 4426 συλλάβη,
827 4357 909 4410 ἀδικεῖ
920 4359 965 4423 μέν
984 4357 1054 4410 οὐδέν
1067 4357 1122 4409 οὐδὲ
1142 4356 1244 4427 βλάπτει
1256 4367 1306 4419 τοῖς
1320 4360 1395 4425 ὄνυξι,
1414 4364 1493 4422 σείσας

133 4441 159 4493 δέ
179 4443 223 4493 καὶ
242 4442 355 4511 φοβήσας
375 4444 461 4512 ἀφίησι
481 4442 560 4495 πάλιν.
592 4445 653 4514 πρὸς
674 4444 699 4496 δέ
719 4445 763 4502 τὰς
783 4445 865 4503 πόλεις
884 4445 998 4514 ἔρχονται
1017 4446 1123 4512 μάλιστα
1141 4447 1259 4505 καὶτοὺς
1277 4446 1425 4518 ἀνθρώπους
1443 4451 1493 4502 ἀδι-

133 4534 228 4592 κοῦσιν,
246 4527 305 4581 όταν
323 4531 442 4597 γένωνται
460 4531 602 4600 πρεσβῦται,
621 4531 660 4582 διά
678 4549 705 4583 τε
723 4531 752 4584 τό
771 4537 848 4601 γῆρας
867 4531 982 4585 ἀδύνατοι
1000 4533 1113 4603 θηρεύειν
1132 4530 1200 4589 ὀντες
1219 4534 1261 4585 καί
1280 4534 1319 4586 διά
1338 4535 1366 4588 τό
1385 4555 1493 4609 πεπονη-

133 4619 205 4669 κέναι
224 4618 281 4675 τους
300 4616 410 4675 ὀδόντας.
439 4617 470 4670 τί.
487 4618 543 4670 Αολ
558 4622 612 4669 nat.
625 4619 704 4671 anim.
717 4619 752 4670 lV
766 4618 799 4670 34
818 4622 853 4686 (p.
867 4618 1010 4685 θύη-16
1030 4621 1133 4684 Ηυιιίι.)

33 4832 36 4837 ·
134 4819 284 4890 δόᾶρρην
303 4819 391 4872 addidi
470 4821 503 4872 ,4
521 4821 657 4891 διμηνιαῖος
675 4823 768 4890 scripsi
789 4823 831 4886 (τί.
850 4824 925 4887 v.8):
950 4823 1164 4893 δεκαμηνιαῖοςίλ
1258 4826 1491 4901 συγκοιθησάσηςΙ)

137 4906 168 4959 13
193 4907 386 4976 βρυχύμενσςΙ)
497 4909 528 4961 15
551 4911 685 4980 έπιρρίπτει
703 4911 789 4963 ἑαυτόν
807 4912 913 4980 scripsi:
939 4911 1086 4980 έπιρρίπτειν
1104 4912 1220 4967 αύτὸνί)
