3510 5610
577 304 818 360 METAPHRASIS
836 307 871 360 IN
891 306 1169 361 THEOPHRASTUM
1506 309 1546 373 33

250 474 286 538 τὰ
310 473 472 558 ζητούμενα
494 479 694 561 διευκρινοῦσι.
732 479 807 563 φημί
829 477 921 540 τοίνυν
943 478 992 539 τδν
1014 478 1132 560 δυνάμει
1155 481 1230 552 νοῦν,
1253 477 1301 542 τόν
1323 503 1355 543 τε
1378 478 1496 564 μετεχό-

250 568 342 660 μιενον
363 579 418 641 ὑπό
445 584 496 663 τῆς
522 585 621 664 ψυχῆς
655 581 702 642 καὶ
728 579 818 663 αὐτὴν
845 580 897 662 τὴν
924 580 1055 662 λογικήν,
1089 577 1156 642 όταν
1184 581 1322 666 καθαρῶς
1348 586 1391 665 τηῖ
1418 581 1496 667 λόγῳ

249 685 356 764 χρῆται
379 682 427 744 καὶ
451 683 491 765 μὴ
515 681 566 745 σῦν
589 682 725 767 αἰσθήσει
748 684 795 745 καὶ
817 686 1016 767 φανταστικώς
1038 681 1078 750 εἰς
1100 681 1136 744 τὰ
1157 679 1213 752 ἔξω
1237 684 1434 768 ἀποτείνηται,
1460 685 1496 747 τόι

137 854 142 864 ⁴
188 861 193 874 ι
248 782 279 844 ἐν
302 782 376 866 αὐτῇ
402 784 570 868 θεωροῦσαν
597 784 661 868 εἴδη
685 787 732 848 καί
758 784 825 854 τοὺς
847 784 877 847 ἐν
904 782 987 866 αῦτη
1008 783 1114 853 αἰόλους
1139 784 1257 866 λόγους,
1284 783 1358 849 κατᾶ
1380 787 1497 856 τούτους

221 886 295 948 οκαὶ
318 882 354 949 τὰ
376 885 452 949 ἄυλα
474 889 522 950 καὶ
544 887 581 950 τὰ
603 885 688 950 ένυλα
712 888 848 971 θεωρεῖν,
871 887 907 949 τὰ
930 887 981 969 μὲν
1004 885 1076 949 κατὰ
1098 884 1259 973 ταίιτότητα
1281 891 1329 952 καί
1351 891 1404 974 τἠν
1426 892 1497 974 πρὸς

249 988 363 1073 ἄλληλα
384 994 442 1052 τῶν
464 990 561 1053 οἰόλων
578 990 690 1065 ένωσιν,
712 990 748 1052 τὰ
768 990 799 1052 δὲ
822 993 862 1058 ώς
884 990 948 1052 ἀπὸ·
958 989 1049 1058 αἰτίας
1071 988 1106 1051 τὰ
1125 989 1196 1073 πρὸς
1218 991 1269 1074 τὴν
1284 991 1376 1054 αἰτίαν
1399 990 1495 1074 ὅμοια.

250 1095 291 1160 ώς
312 1091 366 1175 γὰρ
389 1092 549 1176 όένεργείηι
570 1097 636 1162 νοῦς
655 1093 756 1156 ἑαυτόν
779 1098 854 1155 νοιῖιν
877 1093 924 1154 καὶ
946 1092 982 1155 τό
998 1089 1064 1172 μεθ’
1092 1092 1195 1155 ἑαυτόν
1218 1092 1331 1156 ἅπαντα
1352 1096 1496 1175 γινώσκει,

249 1195 302 1257 άτε
321 1194 407 1264 αὐτὸς
430 1197 470 1258 ὢν
492 1196 529 1257 τὰ
549 1196 670 1278 αἰτιώδη
692 1196 846 1279 πράγματα
868 1195 916 1257 καί
939 1195 997 1257 ἀπδ
1012 1194 1110 1257 αἰτίων
1132 1194 1241 1257 τοότων
1256 1197 1304 1258 καί
1326 1196 1362 1259 τὰ
1384 1197 1496 1259 αἰτιατόι

249 1296 417 1380 κρειττόνως
444 1298 464 1381 ἢ
488 1296 564 1362 ἔστιν
590 1298 686 1361 ἐκεῖνα
708 1301 797 1374 νοῶν,
824 1297 900 1360 οῦτω
924 1298 971 1360 καὶ
994 1298 1009 1360 ό
1033 1298 1152 1380 δυνάμει
1179 1301 1245 1367 νοῦς
1274 1298 1415 1382 δευτέρως
1437 1299 1494 1361 οἰπδ

209 1405 306 1463 ιοτών
328 1400 358 1462 ἐν
381 1399 461 1486 αὐτῷ
486 1407 640 1486 προσεχών
663 1401 762 1464 αἰτίων
784 1403 918 1482 γινώσκει
940 1400 976 1462 τὰ
997 1397 1098 1476 ἔνυλα,
1127 1398 1204 1463 άυλα
1227 1400 1279 1484 μὲν
1301 1402 1387 1471 εἰδώς
1409 1402 1444 1465 τόι
1466 1403 1496 1465 ἐν

249 1507 358 1588 ἑαυτῷ,
380 1502 458 1566 αἴτια
480 1504 512 1567 δὲ
533 1508 590 1566 τῶν
607 1504 724 1567 ἐνόλων.
813 1501 951 1565 Γινώσκει
973 1502 1056 1565 δὲτὰ
1078 1500 1164 1565 ἔνυλα
1180 1501 1237 1588 οὐχ
1259 1506 1299 1573 ώς
1315 1505 1332 1588 η
1348 1504 1493 1588 αἴσθησις.
1515 1519 1545 1576 14

249 1607 323 1690 αῦτη
346 1606 474 1690 μὲνγὰρ
498 1608 538 1675 ιθς
561 1605 662 1689 μερικόι
685 1605 757 1669 κατὰ
779 1605 829 1673 τοίς
851 1603 1020 1688 ποιότητας,
1050 1605 1110 1667 οἷον
1133 1608 1175 1674 ώς
1197 1605 1292 1690 θερμὰ
1313 1606 1333 1690 ἦ
1356 1608 1455 1692 ψυχρὰ
1476 1632 1496 1690 η

207 1778 212 1787 ‚
249 1709 338 1772 λευκὰ
360 1708 380 1792 ἤ
402 1733 428 1772 τι
451 1713 592 1772 τοιοῦτον·
617 1708 681 1770 όδὲ
703 1711 769 1776 νοῦς
791 1708 838 1770 καί
861 1708 880 1790 ἡ
901 1708 1002 1791 λογικὴ
1026 1708 1088 1791 ζωὴ
1112 1708 1162 1778 τὰς
1177 1706 1277 1777 οἰισίας
1298 1691 1347 1772 καί
1366 1709 1440 1773 κατόι
1461 1710 1508 1772 τά

248 1819 307 1875 τῶν
329 1811 436 1874 ἐνόλων
459 1811 540 1874 κοινὰ
562 1810 636 1893 είδη.
681 1808 738 1893 οἰρα
760 1807 809 1872 οῦν
835 1808 878 1871 ότι
901 1809 1009 1892 θερμόν
1036 1810 1068 1872 τδ
1090 1814 1147 1894 πῦρ
1176 1811 1229 1874 οῦκ
1251 1810 1371 1892 είσεται;
1406 1813 1496 1895 ἧκαί

209 1930 236 1975 15
250 1917 280 1978 αί
302 1913 453 1997 ποιότητες
475 1915 523 1977 καὶ
544 1912 803 1998 τὰσυμβεβηκότα
825 1915 918 1975 πάντα
939 1912 997 1975 άπδ
1013 1917 1065 1995 τῆς
1087 1913 1211 1995 ἑκάστης
1233 1912 1364 1998 προΐασιν
1387 1913 1495 1984 οὐσίας.

250 2019 294 2082 διδ
316 2020 332 2081 ό
354 2017 406 2100 τὴν
429 2015 526 2079 οὐσίαν
550 2016 635 2085 εἰδώς
659 2020 725 2083 νοῦς
746 2035 767 2074 ιι
789 2035 809 2074 ιι
832 2014 937 2077 καὶτὰ
960 2015 1164 2100 συμβεβηκότα
1188 2015 1357 2100 κρειττόνως
1377 2021 1420 2103 τῷ
1445 2022 1497 2099 τῆς

248 2121 347 2189 οῦσίας
375 2120 542 2202 γνωρίζεται
568 2118 657 2203 λόγῳ.
701 2117 776 2180 οἰλλόι
802 2118 834 2180 τδ
860 2117 1061 2201 προκείμενον,
1091 2122 1162 2186 πῶς
1184 2118 1339 2204 ἑκάτερα
1364 2123 1498 2202 γινώσκει

250 2225 271 2307 ἡ
293 2223 386 2308 ψυχή,
408 2223 444 2283 τά
466 2244 497 2283 τε
521 2220 599 2284 άυλά
620 2245 695 2305 φημι
718 2222 765 2283 καί
787 2220 824 2283 τὰ
845 2217 940 2283 ἔνυλα.
974 2219 1005 2302 ἧ,
1027 2222 1069 2288 ὡς
1090 2218 1212 2304 εἴρηται,
1236 2221 1327 2307 ἄμφω
1350 2223 1401 2304 μὲν
1424 2221 1498 2285 κατὰ

249 2326 315 2395 τοῦς
337 2326 367 2388 ἐν
389 2324 465 2407 αὐτῇ
488 2324 605 2407 λόγους,
632 2323 708 2386 ἀλλὰ
729 2323 839 2404 τὰμὲν
863 2326 903 2391 ώς
925 2322 1066 2407 σόστοιχα
1092 2328 1150 2391 τοῖς
1173 2323 1203 2385 ἐν
1227 2325 1318 2409 ἑαυτῇ
1342 2325 1362 2408 ἡ
1385 2326 1434 2388 καὶ
1457 2328 1498 2394 ώς

209 2445 237 2489 νο
250 2430 383 2512 κρείττω,
412 2426 449 2490 τὰ
475 2427 508 2490 δὲ
535 2429 575 2493 ώς
597 2426 719 2488 αἰτιατά.
763 2425 799 2488 τὰ
821 2425 854 2487 δὲ
881 2425 911 2487 ἐν
934 2425 1082 2509 ἀφαιρέσει
1110 2425 1170 2489 ἑστί
1195 2426 1245 2509 μέν
1275 2451 1337 2496 πως
1366 2427 1402 2490 τὰ
1423 2426 1497 2490 αὐτό

249 2536 309 2602 τοῖς
331 2530 440 2598 ἑνόλοις
455 2528 570 2604 εἴδεσιν,
593 2528 746 2590 ἐπινοεῖται
769 2528 801 2590 δὲ
823 2525 890 2590 καθ’
912 2528 996 2601 αῦτά,
1019 2526 1163 2592 τουτέστιν
1185 2529 1219 2592 οό
1243 2529 1315 2612 μετὰ
1337 2535 1389 2613 τῆς
1412 2529 1495 2611 ῦλης·

250 2635 313 2698 ἐπεὶ
336 2633 404 2696 οὐδὲ
427 2631 571 2716 όφέστηκε
586 2635 739 2716 χωριστώς
761 2629 829 2693 οῦδὲ
852 2633 957 2692 νοεῖται
980 2633 1021 2698 ώς
1043 2637 1195 2715 χωριστῶς
1218 2632 1390 2714 οὐσιωμένα.
1428 2630 1491 2694 ἀλλ’

251 2735 317 2800 όταν
341 2737 393 2818 μὲν
424 2735 496 2819 μετὰ
518 2739 570 2818 τῆς
598 2735 668 2817 ῦλης
690 2733 763 2796 αῦτόι
785 2735 987 2814 γινώσκωμεν,
1021 2731 1086 2795 τότε
1115 2737 1154 2803 ώς
1177 2731 1277 2809 ἔνυλα,
1311 2733 1379 2797 όταν
1402 2734 1434 2797 δὲ
1457 2737 1498 2803 ώς

250 2839 314 2922 εἴδη
333 2837 419 2922 μόνον
434 2835 542 2906 εἰδότες
565 2835 608 2900 ὅτι
623 2836 653 2899 ἐν
670 2837 726 2918 όλη
749 2835 797 2898 καί
812 2834 865 2898 οἰικ
885 2834 981 2904 ἄλλως
996 2835 1151 2918 ὑφέστηκε,
1173 2835 1238 2900 τότε
1260 2836 1289 2906 ἐξ
1306 2837 1496 2922 ἀφαιρέσεως.

209 2958 238 3003 25
280 3006 285 3017 ,
326 2939 415 3024 Ἀρα
437 2938 495 3003 οῦν
523 2939 632 3024 ἑτέρῳ
666 2939 685 3022 ἦ
713 2938 843 3021 ἑτέρως
875 2935 995 3022 ἔχοντι
1022 2938 1132 3022 κρίνει
1163 2939 1200 3001 τοί
1225 2962 1256 3002 τε
1283 2938 1358 3003 άυλα
1390 2941 1437 3003 καὶ
1464 2938 1548 3012 τόγε

253 3045 350 3118 ἔνυλα,
373 3045 421 3107 καὶ
443 3042 480 3104 τὰ
501 3043 531 3104 ἐν
548 3042 603 3125 ῦλη
627 3040 664 3105 αῦ
686 3042 734 3104 καὶ
757 3041 792 3104 τὰ
814 3039 844 3108 ἐξ
866 3039 1056 3124 ἀφαιρέσεως,
1079 3042 1098 3124 ἢ
1122 3046 1169 3127 τιγῖ
1193 3041 1286 3127 αῦτηῦ
1308 3045 1364 3105 καί
1387 3043 1497 3106 ώσαό-

251 3173 317 3217 τως
339 3145 476 3232 ἔχοντι;
511 3143 643 3229 ᾒάμφω
666 3143 781 3227 ἀληθῆ·
816 3143 939 3226 καὶγὰρ
962 3142 1087 3207 τδαίτδ
1112 3147 1170 3205 τῶν
1193 3143 1337 3229 διαφόρων
1360 3146 1498 3232 ἐστίκρι-

251 3250 340 3324 τικόν,
362 3251 395 3313 τδ
411 3246 541 3331 νοητικόν
563 3269 638 3331 φημι
661 3246 709 3308 καί
724 3244 863 3314 ώσαότως
886 3242 969 3331 ἔχον·
992 3245 1066 3309 κατὰ
1088 3247 1140 3330 γὰρ
1157 3247 1223 3316 τοὺς
1245 3247 1366 3317 οἰκείους
1380 3247 1495 3330 λόγους·

251 3357 297 3418 καὶ
321 3352 431 3438 ἑτέρῳ
455 3350 487 3414 δέ
509 3373 571 3418 πως
593 3350 650 3411 καὶ
673 3347 801 3430 ἑτέρως
823 3345 954 3432 ἔχοντι,
977 3346 1048 3412 διότι
1069 3373 1088 3432 η
1113 3353 1153 3418 ὡς
1175 3350 1280 3419 αἰτίους
1304 3351 1497 3435 θεωρεῖτοδς

209 3475 237 3519 3ο
252 3458 373 3525 οἰκείους
396 3454 513 3536 λόγους,
542 3451 609 3514 όταν
631 3449 681 3513 ἀπ’
709 3449 804 3513 αὐτῶν
831 3450 866 3513 τὰ
889 3449 975 3514 ἔναλα
997 3451 1113 3537 θεωρῇ,
1141 3475 1160 3534 η
1184 3456 1225 3522 ώς
1246 3455 1416 3538 συστοίχους
1437 3458 1497 3522 τοῖς

250 3561 364 3633 αἰόλοις,
396 3582 415 3640 η
439 3558 486 3619 καὶ
510 3559 550 3624 ώς
573 3552 717 3621 αἰτιατοῦς
741 3557 800 3614 τῶν
822 3559 930 3637 νοερών
957 3554 1058 3630 εἰδῶν,
1088 3556 1135 3635 καὶ
1158 3555 1232 3617 κατὰ
1252 3559 1336 3618 τοῦτο
1359 3557 1496 3640 ἑτεροιου-

251 3664 346 3750 μένοις
362 3661 408 3725 καὶ
426 3656 533 3741 ἑτέρως
549 3656 679 3742 ἔχουσιν.
761 3651 869 3725 Ὅλως
892 3656 927 3718 δὲ
944 3658 988 3724 ώς
1003 3656 1159 3740 χωριστά
1181 3657 1221 3720 τὰ
1235 3659 1421 3740 πράγματα
1435 3664 1497 3743 τῆς
1517 3675 1545 3731 1ss

195 3832 564 3848 ———————---·-·

196 3939 232 4011 25
249 3939 282 3992 ci.
301 3939 410 3991 Aristot.
428 3932 538 3986 4291220

196 4179 213 4233 3
239 4175 397 4247 συναισθήσει
415 4175 525 4239 LMQVb
649 4172 708 4226 5.6
736 4173 798 4245 πρὸς
814 4175 846 4226 τό
865 4173 962 4246 ἄλληλα
979 4174 1069 4228 HMPb
1193 4175 1208 4226 7
1235 4176 1339 4246 καὶτὰ]
1358 4178 1473 4230 καταλΙ,1

198 4268 230 4320 10
257 4268 288 4319 τὰ
307 4265 377 4334 (post
395 4263 477 4326 εἰδὼς)
496 4280 546 4316 om.
565 4278 587 4314 w
634 4319 635 4323 ,
700 4263 728 4312 ll
759 4261 841 4313 ἐαυτῶ
860 4262 894 4314 L:
913 4261 983 4332 αὐτῷ
1002 4264 1018 4315 b
1037 4267 1085 4314 cet.
1167 4311 1172 4322 ,
1199 4263 1230 4315 12
1257 4264 1301 4322 τός
1318 4280 1369 4317 orn.
1388 4265 1443 4318 BL¹

198 4355 229 4407 13
247 4355 291 4406 καὶ
310 4354 381 4419 (ante
399 4351 476 4418 κατὰ)
495 4367 545 4403 orn.
565 4350 676 4402 HMwa
764 4350 796 4401 τὰ
813 4365 863 4401 om.
883 4349 915 4401 L¹
998 4366 1078 4418 marg.
1098 4349 1164 4403 LilP
1183 4351 1273 4420 ἀπορία
1362 4353 1393 4405 14
1412 4352 1495 4422 κοινὰ]

195 4443 226 4495 τό
245 4442 317 4494 κοινὰ
336 4441 367 4492 L¹
492 4454 573 4506 marg.
593 4438 659 4489 LMP
678 4435 746 4494 λόσις
863 4437 893 4489 16
922 4436 1040 4489 lacunam
1058 4438 1186 4491 indicavi:
1209 4440 1309 4492 excidit
1325 4440 1384 4493 fori
1403 4441 1497 4493 καὶτὰ

195 4528 373 4599 συμβεβηκότα
391 4525 503 4598 γνωρίζει
616 4526 655 4576 16.
678 4526 707 4577 17
735 4523 886 4595 τῷ-λόγιμ
905 4524 1012 4590 scripsi:
1031 4524 1212 4595 τών-λόγων
1232 4527 1306 4579 codd.
1324 4529 1354 4581 b:
1374 4528 1425 4592 (ἐκ)
1443 4534 1495 4580 τῶν

115 4650 118 4657 =
194 4622 241 4687 τῆς
259 4616 343 4674 οδσίας
361 4614 474 4686 γνωρίσει
492 4612 576 4681 λόγων
594 4629 616 4664 w
743 4611 773 4663 19
801 4610 864 4680 τοίς]
884 4615 928 4682 τῖγς
946 4613 995 4664 Μί
1014 4612 1081 4664 rdb
1204 4611 1237 4665 22
1262 4619 1349 4685 νοῆται
1367 4617 1431 4668 MPb

195 4703 228 4757 23
247 4703 321 4756 ίνυλα
340 4718 361 4754 w
381 4702 500 4768 (Vicinus
519 4699 683 4765 materialia):
703 4699 766 4751 άυλα
785 4699 894 4752 coddb
959 4698 995 4756 ώς
1013 4699 1084 4765 (ante
1103 4698 1168 4767 σίδη)
1187 4715 1236 4752 om.
1255 4703 1294 4755 δτι
1366 4702 1399 4755 25
1418 4703 1495 4772 έτίρῳ

195 4808 217 4844 ιι
236 4793 305 4859 (eum
324 4789 444 4855 Ficino):
464 4789 555 4859 ἑτέρως
574 4787 648 4839 codd.
668 4789 684 4839 b
825 4786 906 4856 ἔχοντι
924 4804 946 4839 w
965 4787 1034 4853 (eum
1052 4786 1170 4852 Ficin0):
1190 4787 1281 4857 ἔχοντα
1299 4790 1372 4842 codd.
1392 4792 1407 4841 b

197 4879 230 4932 ⁶27
250 4879 339 4949 ἔχοντα
358 4876 400 4941 LQ
507 4877 541 4928 30
559 4874 727 4943 ώσυστοίγους
747 4875 778 4927 L¹
833 4895 836 4902 ·
885 4876 912 4925 31
936 4877 979 4926 καὶ
999 4875 1070 4939 (ante
1088 4874 1133 4942 ὡς)
1152 4890 1202 4926 orn.
1222 4894 1242 4927 w

250 4988 358 5037 Suppleur.
374 4984 458 5024 Arium
473 4981 486 5022 ⁸2
501 4983 622 5022 Priscianus
639 4982 717 5031 Lydus.
1327 4966 1346 5028 3
