3510 5610
200 290 244 355 90
358 289 607 345 ,11118ΤΟΡΗΑΝ18
626 288 809 343 1118Το111111δ
827 289 1020 345 ΑΝΙλΙΑΙᾸθλί
1038 291 1186 345 ΕΡΙΤΟΜΕ
1205 293 1227 345 11
1247 292 1295 345 241
1307 292 1396 347 -250

253 461 344 545 ταύτῃ
373 488 417 527 τοι
444 465 492 527 καὶ
519 463 640 548 ἀλώπηξ
666 464 722 526 ύπδ
749 465 865 526 σκιλλαν
892 454 1106 549 κατευνηθείσα
1133 470 1190 530 τῶν
1216 464 1382 551 φοβούντων
1409 466 1501 551 αὐτὴν

253 566 361 630 ἀνεῖται
385 564 578 651 (φροντίδων)
793 642 796 649 ¹

338 668 431 751 (242)
464 668 559 732 Λύκου
582 667 608 731 δ’
629 667 732 732 δδύντα
752 692 794 738 τις
816 668 993 755 ἐξαψάμενος
1019 674 1070 733 τοῦ
1091 670 1231 756 αὐχένος,
1259 673 1354 742 ἀδεῶς
1379 671 1416 736 ἀν
1442 676 1503 743 τοῖς

253 771 410 856 ὁμοφύλοις
431 771 539 856 ἐντύχῃ
563 771 682 856 θηρίοις.
744 756 747 762 ’
775 771 868 855 (243)
890 772 961 855 πρὸς
984 772 1069 835 ύπνον
1092 773 1117 836 δ’
1139 773 1173 837 δν
1196 774 1283 838 αύτδν
1305 775 1499 849 ἐκκαλύσειας,

225 872 358 956 ορρύνου
381 874 432 957 τἠν
449 875 626 958 ὠμοπλάτην
648 876 695 938 ἐπί
718 879 819 960 χεῖρας
842 872 930 958 ἔχων.
1017 875 1110 957 (244)
1132 873 1193 959 ἔστι
1215 877 1248 940 δέ
1269 900 1311 947 τις
1334 878 1391 961 θὴρ
1414 880 1496 963 λύκιμ

257 978 308 1059 μέν
331 978 443 1053 ἐοικώς,
466 978 599 1062 κρείττων
622 979 654 1041 δὲ
677 979 717 1039 ὧν
739 979 758 1060 ἢ
782 975 855 1039 κατὰ
877 975 972 1039 λύκον.
1012 975 1072 1040 ἔστι
1094 979 1126 1041 δὲ
1147 980 1308 1069 κα).1.ςμέν
1331 979 1412 1058 ἰδεῖν,
1433 1004 1502 1065 χρυ·

252 1083 359 1143 σοειδεῖ
381 1082 414 1142 δὲ
439 1085 477 1164 τῃ
504 1081 592 1165 χαίτῃ
619 1085 732 1162 κομῶν·
767 1078 830 1164 ἔχει
856 1079 889 1141 δὲ
917 1079 969 1162 τὴν
997 1079 1078 1161 γένυν
1107 1081 1313 1166 ἰσχυροτάτην·
1348 1081 1418 1147 εἴκει
1445 1083 1501 1167 γάρ

251 1181 327 1264 αύτῃ
355 1186 402 1247 καὶ
429 1183 511 1253 λίθος
538 1183 585 1245 καὶ
614 1185 742 1267 σίδηρος,
770 1182 818 1244 καὶ
848 1185 905 1243 πάν
933 1180 950 1243 ὅ
972 1206 997 1243 τι
1023 1189 1081 1244 τῶν
1107 1184 1266 1247 ἀντιτύπων
1295 1182 1344 1247 ίσα
1370 1188 1501 1252 καὶτοῖς

253 1288 470 1367 μαλακωτάτοις
488 1283 536 1349 ὑπ’
557 1286 647 1368 αὐτῆς
667 1284 874 1368 κατείργασται.
912 1284 1024 1347 δέδοικε
1047 1286 1142 1369 με’ντοι
1164 1286 1214 1354 τὰς
1234 1290 1285 1349 τοῦ
1300 1286 1412 1371 Σειρίου
1434 1288 1500 1349 ἀνα-

213 1402 237 1443 10
250 1388 335 1457 τολάς
357 1390 493 1452 καὶκατὰ
515 1389 601 1472 τήνδε
619 1388 671 1469 τίην
687 1387 764 1470 ὥραν
780 1384 905 1454 ἀθέατύς
920 1386 980 1450 ἐστι
1002 1388 1107 1472 πέτραν
1123 1391 1184 1452 τινὰ
1200 1389 1298 1473 κοιλην
1314 1389 1500 1473 ύποδραμών,

252 1490 308 1558 ἕως
331 1490 364 1553 ἀν
387 1490 443 1576 ἀρα
465 1490 603 1575 αἴσθηται
624 1489 806 1573 ψυχροτέρας
828 1488 1025 1558 ύποπνευύσας
1047 1488 1144 1575 αὔρας.

334 1593 427 1675 (245)
453 1590 538 1657 Ἔστι
565 1594 617 1675 μὲν
643 1594 663 1676 ίῃ
691 1594 829 1676 πάρδαλις
855 1592 1054 1676 καρχαρόδους
1080 1596 1128 1656 καὶ
1149 1596 1341 1679 πολυσχιδής·
1377 1595 1425 1655 καὶ
1446 1591 1500 1675 γάρ

251 1697 479 1765 πενταδάκτυλός
512 1695 545 1758 ἐκ
578 1700 635 1757 τῶν
669 1694 873 1778 ἐμπροσθίων,
910 1694 944 1757 ἐκ
975 1696 1008 1758 δὲ
1040 1701 1098 1757 τῶν
1135 1697 1276 1760 ὀπισθίων
1313 1696 1498 1779 τετραδάκτυ·

250 1800 308 1865 λος.
406 1798 499 1881 (246)
526 1798 678 1882 πορεύεται
701 1799 734 1862 δέ
758 1797 832 1860 κατὰ
855 1797 1016 1881 διάμετρον.
1113 1797 1205 1881 (241)
1234 1797 1296 1883 ἔχει
1319 1800 1352 1861 δὲ
1374 1796 1501 1881 μαστούς

212 1915 236 1957 ιο
249 1901 310 1963 δύο.
395 1900 488 1983 (248)
515 1901 717 1985 ἀνατμηθεῖσα
739 1901 772 1964 δὲ
794 1900 829 1962 τά
853 1900 904 1981 μὲν
927 1898 1001 1962 ἄλλα
1023 1898 1086 1984 ἔχει
1108 1899 1195 1983 ὅμοια
1217 1901 1287 1976 κυνί,
1310 1904 1444 1983 γλῶσσαν
1466 1899 1500 1961 δὲ

250 2001 314 2087 ἔχει
336 2006 471 2087 τραχεῖαν
494 2004 542 2066 καὶ
565 2004 688 2089 δινώδη,
717 2004 863 2084 πνεύμονα
885 2002 1043 2086 ἑπτάλοβον
1071 2002 1118 2064 καὶ
1141 2003 1248 2066 κοιλίαν
1277 2003 1370 2079 ύείαν,
1397 2001 1499 2085 κύησιν

249 2106 298 2167 καί
321 2102 427 2175 ἔκτεξιν
449 2107 542 2168 πάντα
564 2105 651 2189 ὅμοια
673 2107 745 2168 κυνί.

334 2208 426 2291 (249)
453 2204 538 2271 Ἔστι
560 2209 592 2270 δὲ
614 2232 633 2291 η
658 2208 762 2291 θήλεια
784 2207 966 2291 ἀνδρειοτέρα
987 2211 1037 2270 τοῦ
1060 2207 1187 2291 ἀρρενυς.
1272 2205 1366 2290 (250)
1386 2206 1500 2288 λέγεται

250 2310 283 2373 δέ
304 2308 375 2393 (ὅτι)
398 2310 465 2373 ὅταν
486 2312 641 2394 καταφάγῃ
666 2312 707 2395 μὴ
731 2313 839 2391 γνοῦσα
864 2310 915 2374 σύν
938 2308 1035 2378 ἀλλοις
1057 2309 1203 2393 φυταρίοις
1225 2311 1257 2372 τδ
1284 2308 1499 2393 παρδαλιαγχές

197 2546 213 2599 3
232 2546 321 2615 λύκου]
338 2548 449 2600 Timoth.
465 2565 491 2615 ρ.
502 2547 548 2613 θ,θ
561 2548 657 2614 Haupt.
675 2546 713 2599 δτι
725 2546 813 2599 όδόντα
826 2547 904 2600 αύταύ
916 2548 985 2607 εἴτις
998 2549 1130 2617 φορίσειεν,
1149 2546 1177 2598 ού
1191 2547 1303 2616 φοβεῖται
1314 2544 1399 2607 λύκον,
1417 2546 1460 2598 καλ
1477 2545 1554 2605 ἵππος

196 2640 282 2706 φορῶν
296 2634 371 2687 αὑτὸν
383 2634 523 2703 ταχύτατας
535 2635 625 2705 γίνεται
715 2636 731 2685 4
750 2636 812 2704 πρδς
828 2634 915 2704 ύπνον]
933 2636 1044 2688 Timoth.
1060 2652 1085 2703 p.
1096 2634 1121 2700 θ,
1130 2634 1160 2686 13
1179 2633 1216 2685 ὅτι
1229 2634 1316 2686 δστούν
1329 2632 1421 2705 φρύνου
1434 2633 1553 2704 κατέχων

196 2739 232 2779 τις
245 2722 349 2790 κοιμίζει
361 2721 403 2774 τὸν
415 2720 491 2774 λύκον
580 2721 596 2774 5
612 2722 664 2774 ἔστι
680 2720 706 2774 δέ
723 2742 760 2780 τις
776 2720 838 2791 θήρ]
855 2723 967 2775 Timoth.
984 2739 1009 2790 ρ.
1019 2722 1044 2787 θ,
1053 2723 1083 2773 1-1
1102 2720 1139 2774 ότι
1151 2721 1201 2773 ἔστι
1213 2720 1289 2779 λύκος
1301 2720 1441 2773 κατεσθίων
1453 2720 1554 2791 σίδηρον

197 2810 240 2861 καὶ
261 2809 318 2867 τοὺς
340 2806 432 2867 λίθους.
466 2808 601 2879 κρύπτεται
622 2809 648 2861 δὲ
670 2810 735 2861 κατά
756 2809 798 2861 τὸν
819 2809 905 2878 καιρδν
928 2813 972 2862 τοῦ
990 2807 1085 2878 Σειρίου
1104 2809 1178 2867 κυνὸς
1196 2808 1243 2866 ἕως
1262 2806 1291 2860 ού
1309 2806 1441 2877 καταψύξῃ
1460 2807 1474 2860 δ
1493 2808 1551 2876 ἀήρ.

197 2896 229 2947 cf.
249 2896 314 2964 Opp.
330 2895 636 2965 cyneg.111314-323
742 2896 771 2948 12
790 2895 971 2968 καρχαρόδους]
990 2897 1069 2949 Arist.
1080 2898 1140 2948 hist.
1151 2893 1262 2948 anim.B
1277 2896 1284 2946 1
1307 2912 1333 2964 p.
1343 2896 1450 2948 501216
1469 2894 1507 2947 ίτι
1524 2894 1552 2948 δὲ

197 2984 228 3035 τά
246 2984 291 3051 μέν
304 2984 355 3036 ἐστι
373 2983 560 3054 καρχαρόδοντα
572 2984 665 3045 αύτῶν,
683 2983 733 3036 οἷον
745 2983 810 3036 λέων
828 2986 872 3037 καὶ
889 2983 1007 3054 πάρδαλις
1024 2985 1068 3036 καὶ
1081 2983 1159 3036 κύων.
1187 2983 1220 3035 cf.
1237 2984 1293 3036 Ael.
1306 2988 1360 3035 nat.
1373 2984 1452 3035 anim.
1465 2982 1551 3035 11137

196 3072 232 3138 (ρ.
246 3070 343 3135 289,21
362 3071 466 3135 Horeb.)
570 3070 732 3141 πολυσχιδής]
753 3069 1049 3124 Arist.hisi.anim.Bl
1069 3071 1197 3139 p.4991›6
1215 3077 1268 3123 τῶν
1286 3070 1312 3123 δὲ
1330 3069 1489 3139 τετραπόδων
1508 3070 1552 3121 καλ

196 3157 305 3225 ἐναίμων
326 3159 369 3210 καὶ
391 3158 526 3228 ζιροτύκων
546 3160 578 3210 τὰ
599 3160 644 3226 μέν
666 3158 716 3210 ἐστι
737 3158 887 3228 πολυσχιδῆ,
909 3157 992 3227 ὥσπερ
1014 3159 1039 3210 αἰ
1059 3164 1103 3211 τοῦ
1126 3158 1261 3228 ἀνθρώπου
1279 3165 1358 3227 χεῖρες
1376 3158 1420 3210 καί
1438 3156 1461 3210 oi
1479 3156 1552 3215 πόδες

196 3243 381 3309 (πολυδάκτυλα
399 3247 444 3315 γὰρ
464 3246 515 3297 ἔνιά
533 3246 607 3309 ἐστιν,
625 3245 675 3297 οἷον
693 3244 772 3307 κύων,
790 3245 863 3307 λέων,
881 3246 1009 3316 πάρδαλις)
1113 3246 1143 3298 13
1162 3243 1371 3313 πενταδάκτυλος]
1392 3246 1473 3297 Arist.
1486 3248 1552 3312 part.

196 3333 275 3384 enim.
287 3329 308 3383 Δ
321 3332 352 3384 10
370 3349 395 3400 ρ.
409 3331 498 3385 68814
521 3339 572 3385 τῶν
590 3332 616 3384 δέ
635 3332 830 3385 πολυδακτύλων
850 3333 901 3386 ἔνια
919 3335 963 3386 καὶ
981 3332 1020 3385 διά
1037 3337 1111 3385 τούτο
1130 3334 1172 3385 καὶ
1191 3331 1405 3390 πενταδακιύλους
1423 3332 1476 3402 ἔχει
1493 3332 1553 3391 τούς

195 3417 328 3490 προσθίους
346 3418 429 3483 πόδας,
448 3421 505 3479 τοὺς
523 3419 543 3473 δ’
556 3417 656 3472 ὄπισθεν
674 3420 895 3488 τετραδακτύλους,
913 3420 963 3473 οἶον
976 3420 1072 3479 λέοντες
1090 3422 1133 3472 καὶ
1145 3419 1225 3481 λύκοι,
1244 3420 1280 3471 ίτι
1298 3418 1324 3472 δὲ
1336 3418 1409 3478 κύνες
1427 3421 1470 3473 καὶ
1488 3438 1552 3491 παρ-

195 3506 288 3565 δαλεις·
313 3505 326 3559 δ
345 3508 391 3578 γάρ
410 3507 522 3576 πέμπτος
540 3505 623 3576 ὥσπερ
641 3506 655 3559 δ
672 3511 718 3577 τῆς
736 3509 818 3578 χειρὸς
836 3509 927 3577 γίνεται
945 3509 1021 3577 μέγας
1040 3510 1159 3576 πέμπτος.
1190 3506 1222 3559 τί.
1241 3507 1297 3560 iel.
1310 3514 1365 3559 nat.
1377 3508 1457 3560 anim.
1470 3506 1551 3560 11ί49

196 3592 344 3663 (ρ.11)3,17
365 3594 467 3657 Herch.)
602 3596 632 3648 14
656 3594 797 3666 πορεύεται]
817 3598 897 3648 Arist.
911 3596 971 3647 hist.
985 3597 1063 3647 anim.
1077 3593 1128 3647 (15
1148 3611 1174 3662 p.
1186 3594 1279 3647 490b3
1304 3596 1384 3645 πάντα
1403 3593 1429 3646 δέ
1448 3599 1552 3647 κινεῖται

195 3681 296 3749 δμοίως,
314 3682 346 3734 τὰ
357 3682 496 3753 τετράποδα
513 3684 557 3734 καὶ
569 3681 709 3734 πολύποδα·
732 3684 797 3734 κατὰ
814 3682 944 3751 διάμετρον
957 3683 1002 3754 γὰρ
1016 3690 1118 3735 κινεῖται
1220 3682 1273 3752 ἔχει
1289 3680 1315 3733 δέ
1332 3680 1453 3749 μαστούς]
1469 3682 1552 3735 Arist.

196 3770 212 3821 1.
223 3786 245 3820 c.
256 3767 298 3822 Bl
317 3786 343 3837 p.
351 3769 459 3821 500228
475 3769 492 3839 ἡ
505 3768 531 3821 δὲ
543 3769 661 3840 πάρδαλις
673 3772 792 3841 τέτταρας
805 3771 831 3821 ἐν
843 3774 876 3841 τῃ
888 3771 973 3838 γαστρί
1076 3770 1106 3821 18
1123 3769 1185 3839 ἔστι]
1203 3772 1283 3823 Arist.
1296 3770 1313 3822 Ι.
1323 3784 1347 3821 e.
1357 3766 1389 3820 ll
1407 3784 1433 3837 p.
1441 3768 1551 3821 608133

195 3858 338 3927 ἀθυμότερα
356 3856 383 3909 δὲ
400 3858 431 3908 τά
449 3854 528 3925 θήλεα
546 3858 625 3909 πάντα
644 3864 695 3909 τῶν
714 3858 823 3929 ἀρρένων
842 3857 906 3927 πλὴν
924 3857 1018 3927 ἄρκτου
1036 3859 1080 3909 καὶ
1097 3857 1254 3929 παρδάλεως·
1276 3856 1373 3909 τούτων
1391 3854 1442 3925 δή
1462 3854 1552 3925 θήλεια

195 3944 264 3997 δοκεῖ
280 3944 341 3997 εἶναι
358 3943 521 4013 ἀνδρειοτέρα.
555 3943 587 3996 cf.
607 3945 662 3997 iel.
676 3949 729 3996 net.
743 3946 823 3996 anim.
837 3946 870 3998 lv
881 3945 914 3996 19
934 3948 970 4012 (γι.
986 3944 1042 4010 103,
1052 3945 1082 3998 18
1101 3946 1204 4009 Πετιύι.)
1341 3942 1449 4012 λέγεται]
1468 3944 1551 3997 Arist.

195 4032 212 4083 l.
225 4048 247 4083 c.
262 4029 298 4084 16
317 4049 342 4100 ρ.
355 4030 444 4083 61281
466 4031 482 4099 ἡ
501 4030 526 4082 δέ
545 4030 662 4101 πάρδαλις
680 4030 738 4083 όταν
757 4034 823 4102 φάγῃ
842 4032 871 4084 τὸ
890 4034 1021 4101 φάρμακον
1040 4032 1068 4084 τὸ
1086 4032 1276 4102 παρδαλιαγχές,
1295 4032 1364 4101 ζητεῖ
1379 4030 1426 4100 τὴν
1444 4032 1490 4083 τού
1508 4031 1550 4083 ἀν·

194 4118 298 4188 θριύπου
315 4118 422 4187 κύπρον·
447 4116 535 4188 βοηθεῖ
550 4120 596 4188 γάρ
615 4118 689 4188 αύτῃ.
721 4119 855 4189 διαφθείρει
873 4119 899 4172 δέ
917 4125 991 4171 τοῦτο
1009 4120 1038 4172 τὸ
1056 4123 1188 4191 φάρμακον
1206 4120 1249 4171 καὶ
1268 4119 1376 4177 λέοντας.
1409 4116 1446 4171 διὸ
1464 4119 1508 4170 καί
1525 4118 1550 4171 οἱ

196 4208 300 4276 κυνηγοί
318 4204 508 4275 κρεμαννύουσιν
527 4205 552 4257 ἐν
571 4205 661 4275 ἀγγείῳ
680 4207 709 4258 ἐκ
727 4225 791 4265 τινας
809 4207 908 4278 δίνδρου
926 4208 972 4276 τὴν
991 4207 1097 4275 κύπρον,
1119 4206 1187 4264 ὅπως
1205 4208 1241 4276 μὴ
1261 4207 1385 4277 ἀποχωρῇ
1403 4206 1502 4275 μακρὰν
1519 4206 1550 4258 τὸ

196 4292 297 4363 θηρίον·
324 4293 401 4346 αὑτοῦ
421 4295 467 4362 γὰρ
489 4293 676 4364 προσαλλομένη
698 4295 714 4362 ἡ
736 4294 853 4364 πάρδαλις
876 4296 918 4347 καὶ
939 4294 1069 4355 ἐλπίζουσα
1090 4293 1214 4363 λήψεσθαι
1235 4293 1345 4363 τελευτᾷ.
1375 4293 1408 4346 ef.
1424 4293 1550 4347 Ael.11et.

196 4382 276 4432 anim.
290 4380 368 4433 1V49
388 4383 424 4448 (p.
439 4379 537 4446 103‚19
557 4381 667 4445 11ειτ1ι.).
694 4382 806 4434 Τίιιιυθι.
826 4398 850 4448 ρ.
867 4382 946 4447 11,Ιθ

196 4522 300 4529 —-..—.
312 4522 341 4527 -ι
351 4522 539 4529 ——---—--
555 4524 594 4529 —.

195 4604 211 4657 2
236 4605 373 4675 φροντίδων
392 4604 474 4658 delevi
615 4606 633 4657 4
657 4605 748 4676 ἐντύχῃ
768 4608 789 4659 1)
813 4607 845 4658 cf.
864 4624 889 4675 ρ.
902 4607 965 4672 51,4
1107 4608 1123 4659 5
1147 4605 1239 4676 φρύνου
1258 4608 1351 4675 scripsi
1370 4624 1384 4659 e-
1400 4608 1550 4660 Timotheo:

195 4694 285 4762 φρίνου
303 4693 325 4743 11
450 4694 465 4741 11
489 4695 662 4761 κατείργασται
681 4695 784 4762 scripsi:
809 4692 983 4764 κατειργάσθαι
1002 4696 1024 4746 l)
1157 4694 1186 4746 15
1210 4694 1254 4747 δύο
1273 4696 1308 4747 D:
1331 4696 1450 4765 τίτταρας
1470 4696 1549 4747 Arist.

199 4781 229 4831 111
250 4782 382 4848 καταφύγῃ
399 4781 504 4847 οιτὶρείι
523 4781 653 4850 καταρύγη
674 4784 693 4833 11
798 4781 979 4851 παρδαλιαγχὲς
997 4784 1088 4835 iiiiii:
1108 4782 1294 4852 παρδαλοαγχές
1311 4784 1346 4835 11;
1365 4782 1550 4853 παρδαλίαγχον

195 4868 275 4920 Tim.:
298 4864 483 4937 παρδαλιαίγχαυ
501 4868 530 4920 in
548 4884 607 4937 geu.
623 4871 680 4922 Ael.
