3510 5610
215 276 257 344 96
753 275 924 331 PRISCIANI
942 273 1025 330 LYDI

268 450 386 515 tionem
408 450 503 515 habet
525 451 564 515 ad
585 449 842 515 interfectionem.
887 449 1037 533 accipitur
1059 448 1143 513 enim
1166 471 1204 513 ex
1226 450 1352 516 homine
1366 452 1469 517 sanies
1483 452 1524 517 de

267 554 417 636 sanguine
440 560 472 618 et
494 555 521 617 ei
545 574 624 637 quae
646 558 693 617 cst
715 574 753 616 ex
774 552 883 636 uipera
906 559 1127 636 componentes
1149 553 1310 637 intingunt
1331 555 1461 638 sagittas
1483 554 1525 620 ad

267 656 464 720 uelocitatem
487 656 662 720 mortiferae
685 655 802 740 plagae,
824 636 934 738 sicque'
953 654 1117 738 putrefacit
1140 676 1247 720 carnes
1269 656 1401 722 adiectio
1422 657 1521 738 illius3

267 757 372 842 itaque
395 765 430 823 ut
457 780 558 843 neque
585 779 691 822 carnes
718 779 823 822 eorum
850 763 980 840 tangant
1012 778 1113 840 neque
1147 757 1223 841 quid
1252 759 1386 823 aliorum
1403 776 1523 824 'carnes

239 860 509 941 comedentium,
532 861 584 925 scd
608 869 639 925 et
660 861 762 944 ipsum
785 859 909 942 fugiunt
930 858 1065 922 odorem.
1110 859 1262 942 quaedam
1284 882 1358 925 uero
1379 862 1524 927 morden-

267 965 347 1028 tium
369 972 400 1029 et
423 965 601 1029 nocentium
624 962 741 1025 uirtute
765 961 899 1045 quadam
922 961 1053 1046 implent
1076 968 1107 1025 et
1128 962 1254 1046 spiritu,
1280 963 1361 1028 sieut
1382 965 1524 1049 scorpius

267 1073 298 1129 et
325 1088 397 1151 apes
425 1075 457 1131 et
483 1088 593 1151 nospes
620 1072 652 1129 ot
678 1063 885 1148 phalaggium.
929 1064 1037 1147 itaque
1065 1071 1096 1128 et
1122 1085 1232 1149 uespes
1265 1087 1336 1130 cum
1369 1075 1524 1151 apparent

267 1175 355 1232 extra
376 1175 543 1250 mortuum,
566 1167 666 1232 amica
689 1166 772 1230 enim
796 1167 839 1229 eis
862 1186 943 1245 caro,
966 1167 1029 1229 fore
1049 1166 1123 1250 ipsis
1139 1167 1253 1251 uiperis
1268 1155 1341 1251 sunt
1356 1170 1523 1249 saeuiores,

266 1270 341 1335 dum
363 1272 487 1336 feriunt.
532 1292 643 1334 menae
666 1290 789 1353 quoque
812 1276 844 1332 et
866 1267 1060 1352 quarundam
1082 1269 1244 1352 spinarum
1265 1272 1522 1355 compunctiones

227 1389 253 1433 ro
267 1381 298 1438 et
320 1374 477 1455 arborum,
499 1374 579 1438 sicut
601 1372 724 1437 acherdi
746 1373 779 1436 in
801 1372 930 1435 ciuitate
951 1392 1030 1454 quae
1052 1371 1164 1435 dicitur
1186 1372 1292 1437 Coete:
1315 1373 1418 1438 tendit
1435 1375 1521 1439 enim

269 1499 305 1541 ea
327 1484 562 1560 compunctum,
588 1476 669 1539 siout
691 1483 722 1539 et
744 1474 866 1538 marina
887 1484 1007 1557 trugon.
1052 1474 1210 1539 declarent
1238 1496 1360 1559 quoque
1383 1484 1415 1541 et
1436 1478 1522 1541 cani·

266 1599 321 1642 nos
344 1601 462 1643 morsus
486 1586 517 1643 et
538 1579 682 1663 luporum
706 1599 777 1641 cum
794 1576 929 1640 rabiant:
953 1577 992 1640 ab
1008 1576 1069 1641 alio
1085 1577 1169 1641 enim
1184 1579 1295 1642 aflectu
1311 1584 1343 1642 et
1357 1579 1521 1644 nimietate

265 1687 339 1746 sunt
361 1682 474 1746 nociui.
518 1681 626 1745 dicunt
653 1687 758 1744 autem
788 1686 820 1743 et
846 1700 901 1763 per
922 1678 1076 1763 regionem
1101 1681 1264 1745 Persarum
1285 1703 1305 1745 a
1327 1682 1522 1747 rabientibus

265 1805 381 1849 morsos
403 1784 532 1848 canibus
555 1784 585 1847 iu
610 1783 710 1868 prima
732 1782 859 1866 quidem
881 1781 931 1845 uel
954 1782 987 1845 in
1009 1783 1145 1847 secunda
1160 1783 1320 1848 curatione
1335 1785 1521 1849 const'tutos

226 1902 251 1947 ιι
265 1909 353 1973 pesse
374 1887 491 1967 sanari3
515 1887 608 1951 tertia
631 1907 703 1950 uero
726 1884 897 1969 accipiente
919 1884 983 1948 iam
1004 1891 1164 1969 superatos
1186 1907 1205 1950 a
1225 1886 1380 1970 passione:
1404 1908 1520 1971 aquam

265 1991 349 2055 onim
371 2011 532 2074 nunquam
559 1989 852 2074 implorantesque
879 1986 945 2051 eius
972 1995 1095 2070 guastum
1123 1988 1277 2072 recipiunt
1303 1989 1440 2054 omnino.
1486 1990 1519 2054 in

265 2093 453 2157 differentias
476 2101 581 2157 autem
596 2091 743 2176 speciales
760 2088 976 2154 melancholici
986 2091 1117 2179 ‚affectus
1132 2092 1310 2156 efferuntur.
1354 2091 1522 2156 lacrimant

264 2196 348 2260 enim
371 2203 402 2260 et
424 2195 547 2279 plorant
569 2203 600 2258 et
623 2193 845 2257 contristantur
866 2192 1029 2275 ridentque
1050 2192 1215 2257 indiscrete
1230 2193 1520 2278 interpellantibus3

265 2299 371 2382 itaque
398 2306 430 2362 et
458 2297 580 2381 erigunt
604 2318 637 2360 se
658 2297 691 2359 in
715 2294 901 2359 domuncula
928 2301 959 2358 et
985 2294 1024 2359 de
1050 2301 1150 2359 cetero
1177 2301 1294 2360 maeste
1320 2296 1438 2360 habent
1465 2317 1521 2380 per

222 2417 250 2462 ao
264 2423 359 2467 unam
385 2402 552 2465 fenestram
581 2420 632 2463 ecs
659 2398 713 2482 qui
741 2405 849 2462 assunt
875 2397 1111 2482 interpellantes
1137 2398 1215 2462 tales
1238 2398 1427 2463 ostendendo
1451 2421 1521 2485 pas-

262 2506 379 2570 siones:
408 2503 640 2587 quadragesimo
668 2522 742 2565 uero
768 2500 818 2565 die
843 2500 981 2564 instante
1003 2507 1134 2584 pereunt
1156 2501 1292 2565 omnino.
1337 2500 1413 2585 quia
1435 2503 1522 2568 euim

263 2608 396 2672 uirtutes
417 2606 484 2670 sine
507 2604 716 2689 corporalibus
738 2602 872 2666 molibus
894 2602 993 2666 multa
1018 2610 1149 2686 possunt
1175 2602 1290 2683 facere,
1318 2604 1522 2671 manifestum

264 2715 311 2774 ost
333 2717 364 2773 et
386 2731 424 2773 ex
446 2707 516 2772 aliis
540 2715 571 2771 et
594 2727 632 2770 ex
654 2705 766 2770 ceruis:
790 2704 927 2769 educunt
949 2704 1030 2768 enim
1053 2704 1178 2788 uiperas
1193 2727 1232 2769 ex
1247 2706 1381 2790 sepibus.
1427 2728 1522 2792 quae

264 2813 335 2876 dam
364 2831 487 2895 quoquo
514 2809 673 2894 reptilium
700 2829 762 2872 non
793 2807 894 2871 solum
927 2806 1095 2871 mordendo
1128 2807 1183 2872 sed
1215 2807 1393 2874 sufflatione
1425 2811 1522 2876 etiam

223 2932 250 2976 at
265 2922 388 2982 utentes
412 2919 524 2977 nocent
546 2918 578 2976 et
600 2911 784 2976 interimunt
805 2931 860 2994 per
885 2909 989 2974 media
1015 2909 1170 2994 quaedam
1198 2910 1283 2994 ligna
1309 2918 1365 2975 aut
1390 2911 1520 2998 lapides,

268 3027 303 3084 ut
325 3018 397 3082 hinc
420 3016 515 3080 etiam
538 3015 740 3098 interemptos
762 3012 913 3076 occidant.
957 3019 1078 3076 buum
1106 3012 1189 3076 enim
1216 3013 1333 3078 habent
1358 3013 1521 3098 uirtutem,

263 3123 309 3186 ita
331 3127 366 3184 ut
388 3119 482 3183 etiam
506 3139 560 3202 per
583 3137 669 3181 arma
692 3123 724 3179 et
745 3115 830 3198 ligna
852 3114 1088 3198 quibuscunque
1104 3114 1173 3198 quis
1188 3115 1317 3194 nitatur,
1339 3117 1452 3201 reptile
1474 3118 1521 3183 in·

265 3227 368 3289 firmet
388 3222 473 3285 illius
495 3221 659 3285 uirtutem:
686 3225 718 3281 et
746 3218 899 3301 quaedam
926 3216 1052 3301 quidem
1074 3218 1301 3301 putrefaciunt,
1331 3219 1521 3302 quibusdam

211 3448 277 3500 fef.
297 3443 543 3507 lascesseret,
563 3442 664 3494 Aeliae.
684 3440 714 3492 N.
728 3440 759 3493 Λ.
779 3439 843 3491 tlt
863 3439 898 3506 (ν.
917 3440 993 3491 Resei
1015 3440 1124 3492 Aristot.
1143 3440 1267 3508 pseudep.
1286 3439 1386 3509 pust)
1491 3445 1520 3496 ll
1540 3444 1572 3497 cf.

210 3537 319 3590 Aristot.
337 3532 459 3586 stante:
489 3531 514 3582 ἐν
533 3526 594 3599 Κέῳ
613 3529 686 3597 φασίν
705 3527 765 3580 είναί
787 3545 811 3579 τι
830 3527 900 3595 γένος
921 3526 1041 3598 ἀχέρθου,
1067 3525 1111 3596 ὑφ’
1133 3527 1164 3597 ἧς
1186 3528 1229 3580 ίάν
1247 3546 1284 3586 τις
1301 3527 1387 3600 πληγή
1410 3533 1443 3601 τῇ
1463 3529 1572 3602 ἀκάνθῃ,

210 3621 366 3692 ἀποθνήσκει
384 3621 419 3688 (v.
439 3620 516 3672 Rosei
538 3619 645 3670 Aristot.
665 3617 787 3684 pseudsp.
808 3614 907 3682 pult)

214 3748 341 3756 ...---
362 3744 548 3752 ————-—

213 3817 222 3866 l
244 3814 277 3867 ad
296 3811 504 3865 interfectionem
523 3807 561 3857 H:
581 3806 748 3858 infectionem
770 3804 826 3854 ΟΜ
928 3806 1056 3872 accipitur
1073 3806 1129 3871 etc]
1147 3805 1163 3855 ι’.
1175 3822 1195 3856 e.
1214 3804 1368 3875 λαμβάνεται
1386 3807 1433 3879 γὰρ
1452 3806 1466 3860 ὁ
1485 3806 1512 3868 ίξ
1529 3808 1571 3862 ἀν

208 3899 314 3972 θρώπου
333 3898 397 3972 ίχὼρ
417 3897 466 3948 ἀπὸ
484 3897 530 3946 τοῦ
549 3893 662 3962 αἵματος,
682 3893 726 3945 καί
743 3895 781 3961 τῷ
800 3889 825 3951 ἐξ
838 3890 937 3965 ἐχίδνης
955 3891 1082 3949 συνθέντες
1100 3891 1255 3962 ίμβάπσουσι
1273 3893 1331 3951 τοὺς
1347 3893 1445 3951 οἰστοὺς
1462 3893 1526 3964 πρὸς
1543 3895 1571 3948 τὸ

208 3990 288 4062 τάχος
304 3990 351 4056 τῆς
368 3983 507 4052 θανασίμου
526 3982 624 4052 πληγῆς
729 3979 836 4032 3illius
857 3979 888 4030 Οι
907 3979 957 4030 lius
976 3981 1015 4029 vel
1032 3980 1080 4032 bus
1099 3979 1162 4030 ΜΜ
1265 3979 1442 4051 ”lfaleggium
1461 3982 1494 4032 Π

208 4077 225 4128 8
241 4087 298 4142 post
317 4078 445 4127 mortuum
466 4071 584 4121 excidisse
602 4069 698 4120 uidetur
716 4071 860 4135 serpentem
958 4065 974 4117 9
993 4067 1089 4120 feriunt
1110 4067 1142 4118 0:
1160 4066 1248 4120 ferunt
1267 4065 1331 4119 ΗΜ
1430 4069 1462 4122 10
1480 4067 1569 4139 Coum]

206 4181 320 4231 praecum
339 4161 364 4212 ἐν
383 4157 444 4229 Κέῳ
464 4162 497 4230 τῇ
515 4157 585 4227 νήσῳ
604 4156 665 4206 mule
686 4154 805 4206 intellexit
824 4155 945 4221 interpres
1071 4153 1102 4205 12
1131 4152 1225 4206 affectu
1245 4155 1285 4207 H:
1305 4155 1397 4209 effectu
1418 4155 1476 4207 CM

211 4251 242 4303 13
261 4250 425 4302 rabientibus
444 4246 482 4298 11:
502 4246 664 4298 rabientibus
684 4242 740 4292 ΟΜ
838 4241 868 4292 lt
888 4242 916 4292 in
932 4252 989 4310 post
1006 4241 1048 4293 uel
1068 4259 1112 4292 om.
1134 4241 1189 4292 ΟΜ
1286 4241 1317 4294 15
1335 4243 1482 4311 occipiente
1500 4242 1569 4296 Rese

209 4337 385 4407 [praesefert.
404 4330 593 4407 ὃιαθεχομάνης]
702 4330 732 4381 17
751 4328 913 4381 melancoliei
935 4326 1020 4378 0de
1120 4328 1228 4381 affectus
1248 4330 1289 4382 M:
1309 4330 1415 4383 effectus
1434 4330 1466 4381 H

210 4426 243 4479 18
261 4420 502 4493 interpellantibus]
520 4438 608 4488 praece
621 4418 684 4483 sort.
702 4423 754 4474 τοῖς
772 4417 973 4486 ἐνιυγχάνουσινι
998 4416 1145 4480 sequebatur
1162 4415 1270 4472 sortasse
1288 4418 1342 4481 (καί
1361 4415 1447 4475 ἀλλους
1464 4417 1572 4490 ἀνιαρῶς
1612 4436 1619 4455 ·

208 4513 331 4584 exsecre-
359 4510 425 4563 ὥστε
448 4511 492 4562 καὶ
515 4505 681 4560 ἐκκίιπτουσιν
705 4505 730 4556 ἐν
753 4507 792 4574 τῷ
815 4503 921 4573 οἰκίσκῳ
945 4501 1000 4571 [καί
1025 4501 1110 4560 ἄλλως
1134 4502 1243 4576 ἀνιαρῶς
1266 4503 1363 4574 ἔχουσι]
1386 4503 1427 4556 διὰ
1448 4508 1497 4575 τῆς
1514 4511 1571 4574 μιᾶς

208 4599 308 4672 θυρίδος
325 4598 384 4657 τοὺς
401 4597 534 4670 παριόντας
552 4592 763 4664 παρενοχλοῦντες
780 4594 819 4661 τῷ
838 4592 987 4643 τὰτοιαῦτα
1006 4589 1136 4661 φαίνεσθαι
1154 4588 1224 4662 πάθη
1340 4591 1371 4644 21
1401 4596 1513 4659 pereunt
1532 4591 1571 4644 H:

209 4690 347 4758 reperiunt
368 4687 417 4737 ΟΜ
514 4683 547 4736 23
566 4684 682 4736 educunt
701 4681 771 4733 enim
790 4679 829 4731 lt:
849 4683 874 4732 et
893 4678 993 4732 ducunt
1012 4678 1068 4730 ΟΜ
1161 4679 1196 4733 25
1214 4682 1319 4732 utentes
1337 4678 1378 4730 H:
1397 4681 1501 4733 utentia
1519 4680 1575 4732 ΟΜ

208 4777 293 4829 media
314 4776 356 4827 M:
375 4774 469 4828 medici
491 4773 522 4824 C:
542 4771 656 4825 medium
676 4771 707 4820 H
809 4767 985 4820 steteram
1007 4765 1069 4818 CM:
1090 4769 1168 4820 etiam
1187 4772 1217 4819 ut
1236 4765 1264 4818 H
1370 4768 1571 4838 quibuscunque

211 4865 271 4935 quis
289 4861 400 4932 nitatur]
420 4862 468 4913 te.
486 4859 585 4912 οἷστισιν
604 4860 634 4913 ἄν
651 4877 688 4916 τις
706 4855 860 4931 ἐπερείόηται
