3510 5610
356 346 609 401 ARISTOPHANIS
627 346 813 400 HISTORIAE
832 348 1024 401 Axlttttffitt
1044 348 1191 401 El‘tt'otffl
1209 350 1230 401 11
1250 348 1399 401 360-362
1495 350 1553 413 10⁵1

248 542 306 583 ται.
355 518 439 583 τοῦτό
469 520 516 583 τοί
538 540 609 605 φασι
636 520 683 582 καὶ
709 520 740 583 ἐν
762 516 866 603 Ἑλίκῃ
893 521 1037 603 γενέσθαι.
1086 522 1186 605 ἐπειδὴ
1214 522 1268 606 γὰρ
1297 522 1444 608 ἠσέβησαν
1472 520 1502 589 ές

248 622 318 691 τούς
338 618 441 690 Ἴωνας
469 622 536 691 τοὺς
565 622 757 706 ἀφικομένους
783 623 810 685 οἱ
833 619 1009 707 Ἕλικήσιοι,
1040 626 1089 687 καί
1118 624 1166 687 ἐπὶ
1195 626 1303 709 βωμῶν
1333 624 1501 709 ἀπέσφαξαν

246 724 367 799 αύτούς,
393 724 521 787 ἐνταῦθα
547 726 657 808 δήπου,
684 724 717 787 τὸ
738 722 897 808 Ὁμηρικόν
920 730 1020 799 τοῦτο,
1047 732 1137 790 τοῖσι
1164 728 1241 789 θεοὶ
1268 726 1373 811 τέραα
1399 724 1502 811 πρού-

246 850 388 911 φαινον·
422 828 478 910 πρὸ
505 826 589 890 πέντε
614 828 669 911 γάρ
696 828 813 911 ἡμερῶν
836 832 886 890 τοδ
909 829 1104 912 ἀφανισθῆναι
1126 830 1178 913 τἠν
1200 827 1334 913 ιΕλίκην,
1361 828 1425 893 όσοι
1448 832 1501 913 μῦς

218 926 281 990 οέν
303 928 379 1011 αὐτῇ
402 928 477 1013 ᾖσαν
500 930 548 992 καὶ
566 932 655 1012 γαλαῖ
674 931 721 991 καὶ
745 928 825 1013 ὄφεις
847 931 894 992 καὶ
915 929 1121 1014 σκολόπενδραι
1144 932 1192 993 καὶ
1215 932 1371 1016 σφονδύλαι
1394 932 1441 994 καὶ
1463 931 1499 993 τά

246 1032 337 1094 λοιπά
364 1031 420 1095 όσα
446 1030 482 1115 ἦν
509 1036 641 1105 τοιαῦτα,
668 1030 764 1114 ἀθρόα
786 1029 905 1114 ύπεξῃει
927 1037 965 1115 τῇ
988 1035 1048 1118 ὁδῷ
1071 1038 1109 1116 τῇ
1132 1034 1173 1101 εἰς
1196 1032 1302 1116 Κορίαν
1326 1034 1500 1118 ἐκφερούσῃ.

246 1135 276 1197 οἱ
298 1135 332 1197 δὲ
352 1131 515 1219 Ἕλικήσιοι
539 1136 662 1218 ὁρῶντες
683 1138 774 1197 ταῦτα
796 1134 978 1218 πραττόμενα
1001 1135 1166 1218 ἐθαύμαζον
1191 1136 1257 1217 μέν,
1285 1137 1338 1199 ούκ
1364 1136 1444 1220 εἶχον
1470 1136 1502 1197 δὲ

245 1237 300 1320 τὴν
319 1237 413 1300 αἰτίαν
439 1237 608 1322 συμβαλεῖν.
653 1237 716 1299 ἐπεὶ
743 1238 775 1299 δέ
801 1238 974 1322 ἀνεχώρησε
1000 1238 1035 1300 τά
1062 1238 1255 1322 προειρημένα
1283 1244 1361 1323 ζῷα,
1389 1238 1499 1321 νύκτωρ

192 1386 204 1395 .
245 1338 354 1421 γίνεται
377 1342 496 1423 σεισμός
517 1342 565 1403 καὶ
587 1342 729 1411 συνιζάνει
751 1341 770 1422 ἡ
794 1339 886 1415 πόλις,
908 1342 956 1402 καὶ
976 1341 1180 1410 ἑπικλύσαντος
1202 1345 1310 1404 πολλοῦ
1334 1342 1460 1425 κύματος
1482 1341 1500 1422 ἡ

202 1438 349 1527 ιοἝλίκῃ
372 1442 532 1528 ἠφανίσθη,
555 1444 603 1506 καὶ
620 1442 693 1505 κατά
715 1442 807 1527 τύχην
824 1443 1056 1525 ,λακεδαιμονίων
1078 1443 1258 1526 ύφορμοδσαι
1277 1450 1314 1526 τῇ
1332 1445 1414 1507 πόλει
1432 1442 1501 1505 δέκα

245 1550 317 1627 νῆες
344 1548 549 1608 συναπώλοντο
576 1550 613 1628 τῇ
641 1544 837 1629 προειρημένη
864 1546 1020 1608 ἐπικλύσει.
1064 1551 1170 1630 χρῆται
1193 1546 1225 1608 δὲ
1248 1546 1309 1628 ἀμα
1333 1548 1381 1609 καὶ
1403 1547 1444 1614 εἰς
1465 1568 1502 1607 τι-

247 1648 361 1733 μωρίαν
390 1646 393 1733 ἰ
420 1654 478 1711 τῶν
501 1649 615 1733 ἀσεβῶν
637 1648 748 1730 ἀνδρῶν
772 1648 926 1731 ὑπηρέταις
951 1652 1010 1717 τοῖς
1033 1648 1122 1733 ζιμοις
1145 1673 1164 1731 ῃ
1188 1648 1271 1733 Δίκη.
1315 1650 1363 1711 καὶ
1386 1650 1555 1710 τοδδει..·ιυῖι

247 1750 417 1835 μαρτύριον,
448 1750 588 1819 Παντιλας
616 1752 631 1813 ό
655 1748 880 1832 Λακεδαιμόνιος
907 1751 1076 1818 ἀναστειλας
1102 1751 1148 1813 διά
1174 1757 1226 1834 τῆς
1248 1751 1383 1835 Σπάρτης
1405 1752 1500 1813 ἐλθεῖν

244 1853 315 1922 τοὺς
337 1856 368 1923 ἐς
383 1852 507 1937 Κύθηρα
529 1852 666 1922 ἀπιόντας
688 1858 745 1915 τῶν
768 1854 833 1935 περὶ
855 1855 903 1915 τόν
921 1853 1059 1916 Διόνυσον
1083 1860 1231 1939 τεχνιτῶν,
1254 1853 1316 1916 εἶτα
1337 1854 1503 1937 καθήμενος

206 1971 235 2017 15
249 1956 281 2019 ἐν
303 1960 348 2041 τῷ
371 1958 496 2041 ἐφορείῳ
520 1956 576 2018 ύπδ
599 1961 692 2017 κυνῶν
715 1957 888 2038 διεσπάσθη.

334 2058 429 2141 (361)
457 2059 536 2122 Φασὶ
559 2058 592 2120 δὲ
612 2059 661 2120 καὶ
678 2058 707 2120 ἐν
724 2055 847 2142 Κυρήνῃ
872 2066 954 2141 μυῶν
977 2061 1101 2144 διάφορα
1122 2061 1252 2141 γίνεσθαι
1273 2058 1342 2142 γένη
1358 2058 1393 2121 ού
1417 2056 1503 2141 μόνον

247 2166 312 2231 ταῖς
339 2162 456 2247 χρόαις,
483 2162 557 2224 ἀλλά
583 2162 632 2223 καί
658 2166 720 2228 ταῖς
747 2166 884 2245 μορφαῖς·
919 2163 1010 2231 ἐνίους
1035 2163 1089 2246 γάρ
1117 2162 1212 2224 αὐτῶν
1235 2164 1503 2245 πλατυπροσώπους

249 2264 324 2327 εῖναι
345 2265 477 2349 καθάπερ
500 2264 552 2333 τὰς
572 2267 678 2345 γαλᾶς,
705 2266 753 2326 καὶ
775 2263 812 2327 αύ
834 2267 919 2327 πάλιν
942 2264 1049 2347 ἀλλους
1074 2266 1227 2349 ἐχεώδεις,
1256 2266 1349 2334 ὀξείας
1374 2264 1503 2331 ἀκάνθας

249 2364 385 2452 ἔχοντας,
407 2368 456 2436 ούς
475 2390 529 2451 περ
552 2364 602 2429 ούν
625 2368 673 2429 καὶ
696 2368 722 2429 οἱ
744 2367 895 2451 ἐπιχώριοι
915 2371 1050 2430 καλοῦσιν
1073 2368 1222 2452 ἐχενοίτατ.
1261 2368 1289 2429 έν
1312 2366 1450 2450 Αἰγύπτῳ
1470 2366 1503 2429 δὲ

204 2486 236 2531 ευ
249 2470 351 2533 ἀκούω
380 2470 498 2538 δίποδος
527 2468 598 2531 εἰναι
629 2472 698 2551 μῦς,
727 2470 775 2531 καὶ
806 2470 956 2552 μεγίστους
984 2470 1100 2554 μεγέθει
1129 2472 1269 2555 φύεσθαι,
1299 2475 1358 2537 τοῖς
1385 2493 1416 2549 γε
1445 2469 1502 2552 μὴν

248 2572 438 2657 ἐμπροσθίοις
458 2573 542 2635 ποσὶν
565 2576 606 2640 ὡς
628 2573 711 2656 χερσὶ
733 2574 877 2657 χρῆσθαι·
912 2572 1061 2655 εἶναιγὰρ
1084 2572 1189 2640 αὐτούς
1211 2578 1268 2634 τῶν
1295 2570 1414 2634 ὄπισθεν
1438 2571 1504 2656 βρα-

250 2676 400 2763 χυτέρους.
437 2675 512 2739 εἶδον
535 2677 667 2743 τούτους·
695 2675 818 2759 Λιβυκοί
837 2676 900 2738 εἰσι.
939 2676 1102 2760 βαδίζουσιν
1125 2676 1157 2737 δὲ
1172 2676 1256 2759 όρθοὶ
1278 2675 1326 2737 ἐπὶ
1347 2680 1406 2736 τοῖν
1426 2676 1503 2736 δυοῖν

251 2782 367 2844 ποδοῖν·
402 2778 470 2841 ότοιν
493 2779 526 2841 δὲ
548 2780 718 2853 διώκωνται,
741 2778 869 2859 πηδῶσι·
905 2776 1091 2863 Θεόφραστος
1113 2777 1190 2859 λέγει
1212 2783 1310 2840 ταῦτα.

335 2880 428 2965 (362)
461 2879 498 2945 Οἱ
525 2880 557 2943 δὲ
585 2886 639 2963 μδς
665 2882 692 2942 οἱ
720 2884 780 2947 τοῖς
808 2876 949 2948 Κασπίοις
975 2880 1111 2963 ἐπίδημοι
1140 2878 1217 2948 όντες
1246 2878 1351 2951 κακόν,
1381 2878 1504 2960 μέγεθος

207 2984 348 3047 αεαύτῶν
374 2982 443 3046 ὅσον
470 2985 544 3047 κατά
564 3007 596 3066 γε
621 2983 689 3051 τούς
712 2980 876 3064 Αἰγυπτίων
905 2982 1076 3067 ἰχνεύμονας
1103 2984 1243 3065 όράσθαι·
1279 2982 1371 3065 ἀγριοι
1397 2981 1429 3042 δὲ
1455 2980 1504 3042 καί

251 3088 339 3152 δεινοὶ
366 3088 415 3149 καί
441 3088 575 3171 καρτεροὶ
600 3086 668 3154 τοὺς
694 3084 812 3153 ὀδόντας
839 3086 886 3147 καὶ
909 3086 1044 3169 διακόψαι
1066 3087 1113 3148 καὶ
1137 3089 1295 3168 διατραγεῖν
1318 3084 1376 3147 οἷοί
1396 3082 1427 3145 τέ
1449 3083 1504 3144 εἰσι

251 3192 301 3254 καὶ
328 3190 453 3273 σίδηρον.
497 3194 621 3251 τοιοῦτοι
648 3189 680 3251 δὲ
706 3188 762 3272 ἀρα
790 3188 837 3249 καί
865 3190 892 3249 οἱ
920 3192 974 3271 μῦς
1000 3189 1026 3249 οἱ
1055 3188 1084 3249 ἐν
1112 3193 1150 3270 τῇ
1174 3185 1313 3271 Ἰἐρηδόνι
1336 3190 1388 3267 τῆς
1411 3182 1505 3269 Βαβυ-

251 3293 356 3361 λωνίας
382 3290 468 3369 εἰσίν,
496 3292 591 3374 ὧνπερ
618 3288 667 3352 οδν
694 3292 742 3353 καὶ
769 3290 819 3359 τάς
842 3291 926 3375 δοράς
949 3290 1042 3353 ῖσασιν
1066 3292 1093 3353 οῖ
1115 3290 1223 3353 τούτων
1247 3290 1373 3373 κάπηλοι
1394 3289 1442 3349 καὶ
1464 3288 1504 3356 εἰς

198 3506 232 3559 16
249 3504 320 3573 φατὶ]
334 3504 391 3557 Aet.
400 3508 455 3556 nat.
466 3505 545 3556 anim.
554 3504 604 3555 XV
613 3503 646 3555 *26
660 3506 695 3571 (p.
705 3502 821 3569 385‚9-
834 3502 863 3553 19
879 3503 988 3567 Horeb).
1012 3503 1044 3556 ef.
1057 3504 1138 3557 Arist.
1148 3505 1239 3556 mirab.
1249 3520 1319 3556 ause.
1328 3502 1362 3554 28
1379 3518 1404 3569 ρ.
1415 3499 1520 3553 832ν31

194 3592 231 3647 23
253 3590 422 3663 Θεόφραστος]
443 3591 476 3643 cf.
494 3590 665 3657 Theophrasti
687 3608 743 3642 exc.
763 3592 818 3661 περὶ
839 3598 890 3643 τῶν
912 3589 1010 3656 ἀθρόως
1032 3594 1187 3660 φαινομένων
1209 3592 1282 3660 ζῴων
1303 3590 1372 3658 apud
1393 3587 1557 3641 Pl10t.Bibl.

196 3698 223 3749 ρ.
236 3678 344 3733 528239
465 3676 499 3729 24
522 3676 545 3728 οἱ
563 3675 589 3728 δὲ
608 3675 666 3745 μῦς]
686 3678 743 3730 Αε1.
756 3684 810 3729 nat.
824 3680 904 3729 anim.
917 3680 991 3731 xvu
1007 3679 1038 3730 17
1057 3678 1285 3747 (p.420‚11-24
1305 3677 1407 3739 Horeb.)

198 3872 211 3923 1
233 3888 272 3923 τοι
289 3868 384 3937 φασὶθ
491 3867 561 3937 ἰλίκῃ
582 3872 732 3920 constanter
748 3873 778 3920 ut
797 3867 916 3937 ἐλικήσιοι
935 3868 987 3920 κθ
1006 3874 1032 3921 et
1045 3869 1060 3920 ’ἰ
1075 3870 1095 3921 1)
1202 3866 1316 3937 γενέσθαι
1327 3868 1398 3935 Aet:
1416 3864 1558 3936 γίνεσθαιθ

196 3958 214 4011 θ
233 3957 323 4027 βωμοῦ
339 3956 397 4009 Aet.
490 3956 600 4007 θεοῖσιν
619 3954 645 4007 δί
663 3954 716 4008 θεοὶ
734 3956 790 4008 Aet.
884 3958 959 4026 τέραα
978 3956 1025 4009 λυ]
1043 3973 1049 4006 :
1068 3958 1177 4027 τεράατα
1194 3958 1215 4007 D
1313 3955 1329 4007 ύ
1349 3951 1444 4025 Κορίαν
1463 3955 1484 4005 1)
1502 3952 1558 4005 Aet.

197 4042 335 4111 Κερύνειαν
352 4044 467 4095 restituit
486 4042 633 4103 Wesselim:
754 4044 894 4114 ἐκφερούσῃ
914 4044 983 4095 Aet:
1008 4044 1149 4113 ἐμφερούση
1171 4045 1190 4095 l)
1311 4044 1326 4094 9
1350 4044 1471 4103 ουνιζάνει
1489 4041 1558 4092 Aet:

195 4132 320 4193 συνεσάζει
338 4132 359 4183 D
496 4130 526 4181 10
549 4128 704 4200 ύφορμούσαι
722 4131 793 4183 Aet:
816 4130 965 4200 ὐφορμῶσοιι
982 4132 1003 4183 1)
1134 4135 1167 4202 τῇ
1186 4130 1255 4183 πόλει
1274 4131 1452 4183 (1ο1.Ηοτι·ἰιετ

197 4222 230 4273 11
253 4218 383 4287 ἰπικλήσει
400 4218 436 4269 D:
455 4216 581 4288 θαλάσσης
599 4217 725 4270 ἐπικλύσει
744 4218 826 4289 πολλῃ
844 4220 914 4272 Aet:
938 4220 987 4271 ι1υ1.
1002 4220 1116 4271 Hercher
1240 4218 1272 4269 12>
1294 4218 1366 4270 τοῦδε
1385 4218 1454 4270 tet:
1478 4220 1558 4268 τού..

195 4312 283 4361 σείετο
300 4306 392 4359 blattis
410 4319 512 4357 corrosa
529 4304 563 4355 D:
583 4305 626 4356 καὶ
643 4304 672 4356 τό
690 4306 802 4359 ΠειεΙιυτ
923 4306 952 4357 19
972 4306 1090 4364 παντθ.ας
1108 4308 1143 4358 D:
1163 4304 1307 4373 παντήκλσις
1326 4305 1394 4357 Aet:
1414 4304 1559 4372 παντακλῆς

194 4394 312 4447 Hercher
413 4393 444 4444 14
462 4390 566 4461 κύθειρα
579 4391 600 4442 1)
704 4392 734 4442 18
754 4394 868 4463 ἰχεώδεις
883 4395 903 4445 D
917 4394 987 4446 Aet:
1007 4394 1134 4463 ἰχινώδεις
1148 4396 1278 4447 Gesnerus
1380 4391 1462 4445 18.19
1480 4390 1559 4451 όξείας

194 4480 310 4539 ἀκάνθας
332 4478 436 4550 ἰχοντας
459 4478 508 4531 del.
528 4479 639 4530 Hercher
782 4480 814 4532 19
841 4478 930 4550 ούσπερ
950 4482 1019 4535 Aet:
1044 4480 1169 4551 ῶσπερθ
1311 4482 1428 4549 ὲχενάτας
1448 4480 1468 4530 l)
1488 4478 1558 4529 Aet:

194 4570 295 4639 ἰχινίας
313 4567 426 4621 Herchor
539 4564 573 4616 ‘20
597 4564 695 4634 μεγέθει
712 4568 840 4636 μεγίστους
859 4569 971 4622 malebat
989 4569 1103 4621 Ilercher
1219 4568 1252 4619 22
1275 4567 1429 4619 εἶδον-εἰσί
1447 4566 1468 4617 I)
1487 4565 1559 4618 Aet:

193 4656 275 4709 eiecit
290 4655 388 4708 Jacobs
515 4651 617 4710 τούτους
635 4655 705 4706 Aet:
728 4654 824 4713 τούτοις
843 4656 864 4707 l)
994 4656 1027 4707 24
1050 4656 1109 4722 μύες
1129 4656 1183 4709 tel.
1313 4656 1426 4712 σκαπίοις
1445 4655 1466 4706 1)

196 4742 314 4813 δτιίδημοι
334 4743 353 4793 11
374 4740 444 4792 Aet:
469 4739 588 4809 ἐπίδημον
608 4745 666 4792 τεεί.
682 4743 778 4793 Jacobs
915 4743 948 4793 ’.λί
972 4762 998 4811 γε
1019 4744 1087 4795 Aet:
1112 4762 1139 4794 τε
1159 4744 1179 4794 l)
1322 4742 1468 4812 ἰχνεύμονας
1489 4743 1558 4795 Aet:

196 4828 340 4901 ἰχνεύοντες
359 4828 381 4879 Ι)
523 4828 556 4878 ‘26
581 4826 652 4880 δεινοὶ
673 4830 741 4881 tot:
765 4830 843 4882 δεινόν
862 4832 882 4883 I)
1026 4830 1058 4881 ’Ξῖ
1085 4829 1145 4895 μύες
1163 4832 1221 4883 ,tet
1363 4830 1465 4899 τεριδόνι
1483 4832 1504 4882 1)

196 4916 233 4973 28
255 4916 336 4971 ἰεασιν
355 4916 378 4967 1)
396 4913 466 4968 Aet:
490 4915 742 4969 οιο.11ειο1ιετιιιιιι
762 4918 819 4969 θοι.
926 4920 1058 4981 κα1(.τιι1υ
1078 4918 1120 4981 εἰς)
1140 4919 1160 4969 D
1180 4918 1250 4970 Aet:
1275 4933 1325 4970 om.
1344 4918 1454 4971 ΙΙοτιίιετ
