3510 5610
256 279 318 343 100
410 278 663 333 ARISTOPHANIS
679 270 867 333 HISTORIAE
885 278 1080 333 ANIMALIUM
1100 278 1248 333 EPITOME
1267 280 1288 331 ΙΙ
1309 278 1459 333 314-320

311 449 342 518 ἐς
362 452 410 514 τδν
433 451 549 538 βόθρον,
573 453 620 515 καὶ
643 452 695 535 τἠν
718 452 851 535 φάρυγγα
874 451 975 514 ὑπτίαν
999 450 1130 535 ἀπέφηνε
1152 450 1199 513 καὶ
1221 451 1347 535 γυμνήν·
1381 450 1510 515 ἐνταῦθά
1529 474 1562 515 τε

310 554 330 635 ἡ
354 553 436 617 ὑαινα
458 555 545 639 ἐνέφυ
568 556 617 618 καὶ
639 553 784 629 ἀπέπνιξε,
811 553 859 616 καὶ
881 553 912 623 ἐς
933 556 982 617 τὸν
1004 552 1119 638 φωλεὸν
1142 554 1255 635 ἀπάγει.
1291 554 1339 616 καί
1361 556 1421 622 τοῖς
1441 554 1507 618 κυσὶ
1529 554 1563 617 δὲ

309 653 466 720 ἐπιτίθεται
494 660 512 740 ἡ
540 656 615 741 αὑτὴ
641 658 690 719 τόν
717 656 821 741 τρόπον
848 655 966 719 ἐκεῖνον.
1011 655 1079 719 όταν
1105 654 1126 738 ᾗ
1153 657 1267 740 πλήρης
1292 657 1308 719 ὑ
1330 660 1383 734 τῆς
1405 658 1530 741 σελήνης
1555 654 1561 743 Ι

309 758 422 828 κύκλος,
445 760 563 823 κατόπιν
586 761 728 846 λαμβάνει
750 759 801 841 τήν
824 758 916 842 αὑγήν
938 760 986 822 καὶ
1006 760 1058 841 τήν
1081 758 1173 841 αὑτῆς
1194 758 1275 821 σκιάν
1299 758 1447 843 ἐπιβάλλει
1468 764 1617 829 τοῖςεεσνι

283 862 388 936 οκυσί,
415 864 463 925 καὶ
486 868 666 947 παραχρῆμα
689 860 794 929 αὐτούς
816 863 999 944 κατεσίγάσε,
1027 862 1076 925 καὶ
1098 861 1354 944 καταγοητεύσασα
1376 864 1417 931 ῶς
1439 863 1469 925 αί
1492 887 1563 949 φαρ·

308 964 425 1047 μακίδες
447 965 509 1027 εἶτα
524 966 628 1047 ἀπάγει
650 971 820 1032 σιωπῶντας
842 965 891 1026 καί
906 964 1046 1049 κέχρηται
1070 964 1127 1027 ὅτι
1150 965 1198 1028 καί
1222 963 1356 1048 βούλεται
1377 964 1411 1026 τὸ
1426 964 1561 1029 ἐντεῦθεν

310 1065 417 1135 αὐτοῖς.

392 1169 485 1253 (315)
512 1167 570 1233 Ἐκ
591 1175 650 1233 τοῦ
670 1169 859 1251 Τιμοθέου.
892 1168 929 1233 Ἣ
952 1170 1034 1232 ὑαινα
1055 1174 1132 1256 ζῷον
1154 1176 1196 1255 τῷ
1216 1169 1297 1253 λύκῳ
1314 1170 1365 1252 μὲν
1381 1170 1561 1253 ἰσομέγεθες,

309 1271 358 1339 &eb
386 1274 418 1336 δὲ
444 1274 495 1355 τήν
523 1273 610 1357 τρίχα
636 1273 698 1336 ἐστί
726 1273 772 1333 καὶ
799 1274 912 1351 λάσιον,
941 1273 971 1335 έν
993 1296 1023 1334 τε
1050 1274 1153 1336 δστοῦν
1180 1273 1237 1334 ἀπδ
1259 1278 1312 1355 τής
1334 1276 1462 1356 κεφαλῆς
1485 1274 1560 1357 αὐτῇ

270 1388 295 1432 ιο
309 1374 396 1459 μέχρι
418 1378 466 1439 καὶ
482 1375 512 1444 ἐς
534 1373 621 1458 ούράν
644 1376 750 1458 διήκει·
778 1378 821 1458 τιγῦ
840 1398 882 1437 τοι
905 1376 953 1437 καὶ
975 1374 1183 1458 ἀνεπίστροφος
1205 1377 1221 1437 ό
1241 1374 1337 1459 αὐχήν
1360 1376 1408 1437 καὶ
1423 1377 1439 1438 ὑ
1455 1374 1562 1459 δρόμος

308 1478 442 1561 ίθυτενής
469 1484 511 1563 τῷ
539 1478 644 1562 θηρίῳ.
745 1476 838 1559 (316)
866 1481 950 1539 τοῦτο
978 1479 1010 1539 δὲ
1037 1477 1084 1539 διὰ
1111 1476 1202 1539 πόθον
1230 1477 1344 1545 ξενικῶν
1372 1477 1489 1561 ἐρώτων
1516 1483 1558 1562 τῷ

307 1580 387 1664 λύκιρ
416 1580 559 1662 μίγνυται,
587 1581 636 1642 καὶ
661 1581 693 1642 τδ
720 1580 826 1664 τεχθὲν
853 1578 920 1641 οὔτε
946 1579 1025 1663 λύκῳ
1053 1580 1104 1662 τήν
1133 1581 1246 1664 μορφήν
1274 1578 1337 1664 ἔχει
1364 1581 1465 1662 ὁμοίαν
1492 1579 1559 1643 οὗθ’

310 1682 393 1766 ὑαίνη
417 1682 498 1766 φέρει
521 1683 734 1768 παραπλησίαν,
757 1682 913 1745 ἀλλόκοτον
929 1682 962 1744 δὲ
984 1681 1061 1750 όλως
1083 1682 1144 1745 ἐστὶ
1167 1683 1215 1745 καὶ
1231 1684 1331 1751 δεινῶς
1353 1681 1463 1765 ἀγριον·
1491 1681 1561 1746 ὅθεν

310 1786 346 1867 δή
370 1809 432 1847 τινα
459 1786 574 1870 λόχμην
601 1786 620 1866 ἢ
647 1786 695 1848 καὶ
720 1785 825 1868 πέτραν
848 1785 1042 1867 ὑποδυόμενον
1066 1785 1231 1867 ἀνθρώποις
1252 1786 1410 1848 ἐπιτίθεται
1432 1786 1480 1848 καί
1502 1808 1562 1849 ποι-

270 1902 295 1945 ισ
310 1888 410 1971 μνίοις.
445 1888 536 1970 ταύτη
553 1911 595 1950 τοι
617 1889 663 1950 καὶ
683 1888 840 1970 μονόλυκον
854 1887 942 1949 αὑτὸν
957 1888 984 1949 οἱ
1000 1891 1097 1968 νομεῖς
1112 1890 1247 1950 καλοῦσιν
1263 1887 1321 1949 ἀπὸ
1337 1891 1387 1949 τοῦ
1404 1886 1506 1971 ήθους.

307 1990 400 2072 (317)
429 1992 530 2073 μιαρὸν
557 1990 589 2052 δὲ
619 1988 690 2052 οὖσα
718 1994 794 2073 ζιγῖον
824 1992 843 2073 ή
874 1990 955 2051 ῦαινα
982 1992 1029 2051 καὶ
1057 2009 1077 2048 κ-
1104 1995 1206 2074 χαῖρον
1237 1990 1316 2051 ἑάλω
1346 1991 1427 2072 πάση
1453 1996 1560 2075 τροφῇ.

308 2090 392 2173 λόγος
420 2092 481 2154 ἐστὶ
508 2094 555 2155 καὶ
584 2100 641 2154 τῶν
668 2094 769 2175 τάφων
796 2094 992 2155 ἀποσυλῶσαν
1020 2092 1110 2175 αὑτὴν
1138 2092 1172 2154 τά
1201 2093 1287 2175 νεκρά
1316 2094 1480 2155 θοινᾶσθαι.

308 2194 401 2276 (318)
428 2196 529 2278 ήδεται
557 2194 652 2277 μέντοι
682 2196 807 2276 μάλιστα
835 2196 953 2258 κυνείων
982 2194 1186 2279 ἐμφορουμένη
1214 2200 1315 2278 κρεῶν.
1368 2195 1483 2259 ἐπειδάν
1511 2194 1562 2258 οῦν

308 2297 413 2365 αὐτούς
440 2298 632 2365 ὑλακτοῦντος
660 2296 723 2379 ἴδη,
751 2298 817 2365 τοὺς
843 2298 929 2366 κύνας
956 2300 1055 2382 πράως
1083 2298 1176 2359 ὕπεισι
1199 2299 1336 2362 σαίνουσα
1358 2300 1406 2361 καὶ
1428 2303 1464 2381 τῇ
1488 2297 1562 2383 οὐρᾷ

267 2416 294 2459 σο
308 2404 469 2483 καταφῶσα
490 2401 538 2461 καὶ
562 2399 657 2483 ήρέμα
680 2400 789 2469 τούτοις
811 2400 1005 2464 τιθασεύουσα
1028 2401 1075 2462 τδν
1099 2400 1207 2482 θυμόν·
1236 2401 1416 2483 διεγείρουσά
1437 2424 1468 2463 τε
1491 2402 1563 2485 πρὸς

309 2504 441 2573 παιδιάν,
471 2506 555 2564 τοῦτο
587 2502 637 2585 μὲν
668 2502 774 2584 ἑαυτήν
805 2507 909 2585 ἀνῆκεν
940 2504 1056 2578 ὑπτίαν,
1086 2508 1170 2566 τοῦτο
1200 2504 1232 2565 δὲ
1261 2504 1308 2565 καὶ
1336 2505 1437 2586 γαστρὶ
1464 2502 1561 2565 αὑτῶν

311 2607 465 2689 ἐφάλλεται
488 2605 535 2667 καὶ
556 2610 614 2672 τοῖς
634 2606 745 2677 νώτοις,
766 2605 893 2688 δήγμασί
907 2629 937 2667 τε
960 2605 1042 2668 οὐδὲν
1066 2609 1204 2668 λυποῦσιν
1221 2606 1378 2689 ἐφάπτεται
1394 2607 1560 2691 κακοήθως.

310 2707 397 2770 ὁπότε
426 2708 458 2770 δὲ
486 2706 642 2774 ἀνεθέντος
671 2705 742 2779 ίδοι,
772 2707 825 2789 τήν
854 2710 962 2791 σκηνήν
993 2708 1198 2792 ἀποδυσαμένη
1229 2716 1371 2793 κραταιῶς
1401 2708 1487 2794 ἐνέφυ
1517 2716 1560 2795 τῷ

312 2812 435 2895 φάρυγγι
463 2811 510 2871 καὶ
538 2808 608 2891 όπερ
636 2808 671 2891 ήν
698 2809 852 2892 ἐδηλώθη,
881 2810 914 2872 ού
941 2810 1010 2895 φιλη
1038 2810 1136 2879 αὐτοῖς
1163 2810 1236 2874 οὖσα
1262 2812 1311 2873 καὶ
1333 2812 1473 2895 συνήθης,
1496 2812 1559 2875 ἀλλ’

269 2928 297 2972 *ιο
311 2914 394 2996 ἀγρία
414 2913 446 2975 τδ
469 2911 542 2993 ήθος
562 2912 608 2972 καὶ
629 2912 780 2995 δυσμενής.
867 2911 960 2994 (319)
982 2913 1148 2995 ὑποδήμασι
1168 2915 1219 2996 μὲν
1240 2911 1289 2976 οὑν
1312 2914 1460 2998 ποιηθεῖσι
1475 2916 1562 2998 δοράς

311 3018 409 3099 ὑαίνης
429 3013 460 3077 εί
471 3037 541 3076 ποτε
562 3015 687 3097 χρήσαιο
710 3015 840 3100 ἀβλαβὴς
860 3013 894 3077 ἀν
917 3014 963 3077 διὰ
986 3014 1076 3094 μέσου
1097 3021 1189 3078 κυνῶν
1211 3016 1331 3099 διέλθης
1354 3019 1428 3101 μηδὲ
1448 3018 1559 3100 ὑλακῆς

310 3118 405 3182 αὑτῶν
429 3115 601 3184 ἐπακούσας.
703 3115 796 3199 (320)
822 3117 933 3199 λέγεται
960 3119 992 3180 δὲ
1017 3120 1063 3180 καὶ
1087 3118 1200 3203 βλέπειν
1225 3120 1321 3183 ὑαιναν
1345 3118 1393 3182 ίσα
1416 3120 1464 3182 καὶ
1485 3120 1562 3205 φωτὶ

309 3220 382 3284 κατά
396 3218 484 3282 νύκτα
506 3220 554 3282 καὶ
577 3220 746 3302 μεμνῆσθαί
759 3243 821 3286 πως
843 3221 975 3303 γοητείαν
999 3221 1055 3283 ὑπό
1071 3228 1124 3304 της
1146 3222 1271 3305 φύσεως.
1309 3220 1377 3284 ὅθεν
1400 3223 1436 3304 δὴ
1461 3223 1561 3292 νυκτδς

256 3478 272 3529 8
288 3478 303 3547 ἡ
318 3474 401 3544 ῦαινα]
413 3476 434 3527 Τ
436 3476 524 3527 ἱιιιοθι.
536 3491 560 3541 ρ.
567 3476 613 3537 ὑ,3
626 3474 719 3541 naum.
735 3473 772 3526 ότι
785 3476 857 3545 τρίχα
871 3476 922 3545 ἔχει
935 3474 1014 3535 όξεῐαν
1027 3476 1070 3526 καὶ
1083 3475 1187 3543 πυκνήν.
1211 3474 1249 3527 ότι
1261 3476 1304 3527 τὸν
1317 3474 1442 3545 τράχηλον
1454 3476 1483 3528 οὑ
1497 3476 1616 3543 κάμπτει,

255 3564 339 3634 ίπειδὴ
359 3564 384 3615 έν
403 3563 491 3615 ὀστοῦν
509 3563 561 3632 ἔχει
579 3563 632 3613 ἀντὶ
651 3562 787 3629 σφονδύλου
932 3564 959 3614 ll
984 3562 1072 3631 τοῦτο]
1093 3564 1205 3615 Timoth.
1224 3580 1250 3631 p.
1264 3564 1310 3627 5,ss
1334 3562 1371 3615 ότι
1390 3564 1525 3631 συγγίνεται
1542 3562 1615 3633 λύκῳ

256 3654 299 3704 καὶ
317 3653 395 3703 τίκτει
413 3650 456 3703 τόν
475 3649 630 3717 καλούμενον
649 3650 801 3716 μονόλυκον,
819 3649 845 3707 ός
864 3650 910 3701 ούκ
929 3649 1071 3718 άγελάζεται
1089 3648 1153 3701 ἀλλὰ
1171 3650 1245 3716 μόνος
1263 3651 1352 3718 διάγει,
1371 3650 1451 3722 ἅρπαξ
1470 3648 1615 3722 ἀνθρώπων

256 3740 299 3792 καί
318 3740 469 3807 θρεμμάτων
615 3737 643 3788 l?
668 3737 751 3805 λόγος]
772 3738 884 3789 ’λ’ίιιιοθι.
904 3754 929 3804 γι.
941 3738 989 3797 (λθ
1014 3737 1050 3789 ότι
1072 3737 1121 3788 άπὸ
1142 3743 1193 3787 τῶν
1215 3740 1302 3805 τάφων
1321 3738 1421 3790 κλέπτει
1440 3740 1471 3791 τά
1490 3738 1616 3808 σεσηπότα

256 3828 363 3895 σώματα
473 3824 503 3875 18
522 3824 632 3889 έπειδάν]
651 3825 763 3876 Τίιιιοῐλι.
780 3840 805 3891 p.
816 3825 862 3884 (λθ
882 3823 919 3876 ότι
938 3826 994 3881 τούς
1013 3824 1088 3882 κύνας
1108 3824 1239 3878 κολακεύει
1257 3827 1300 3877 καὶ
1319 3828 1434 3886 πιέζουσα
1454 3833 1490 3895 τῷ
1509 3826 1615 3891 στόματι

255 3916 333 3982 πνίγει
460 3911 493 3963 25
517 3911 669 3981 ὑποδήμασι]
693 3913 804 3964 Ἰ“ἰιιιοθι.
823 3928 848 3980 p.
863 3912 925 3976 6,ίῖ
949 3911 986 3964 ότι
1005 3913 1047 3964 ἐάν
1065 3933 1101 3971 τις
1120 3914 1167 3983 ἔχη
1187 3913 1304 3982 ὑπόδημα
1322 3914 1371 3966 ἀπὸ
1390 3913 1511 3981 δέρματος
1528 3914 1615 3983 ὑαίνης

255 4005 298 4054 καὶ
318 3998 430 4071 παρέλθῃ
449 4000 489 4052 διὰ
507 4006 599 4063 κυνῶν,
618 4000 646 4051 ού
665 3999 776 4069 φοβεῖται
913 4000 946 4051 27
970 3999 1076 4069 λέγεται]
1100 4001 1212 4053 Timum.
1230 4018 1255 4069 p.
1269 4002 1316 4066 034
1340 4000 1376 4053 ότι
1396 4002 1421 4054 έν
1438 4002 1509 4053 νυκτὶ
1528 4000 1614 4069 βλέπει

255 4089 291 4147 ῶς
309 4090 334 4141 έν
352 4089 434 4158 ήμέρᾳ
575 4086 608 4138 28
632 4085 699 4151 ὅθεν]
722 4088 833 4140 ’λ’ἰιιιοθι.
853 4105 878 4155 γι.
892 4087 938 4151 (λθ
963 4086 1000 4139 ότι
1022 4089 1047 4139 ἐν
1069 4086 1160 4157 σελήνη
1183 4089 1305 4158 ἐρχομένη
1328 4090 1370 4141 έάν
1391 4088 1466 4147 κυνὸς
1484 4087 1555 4147 ὄντος
1572 4088 1614 4140 ἐπὶ

255 4178 355 4245 στέγους
373 4175 480 4245 λάβηται
498 4173 613 4226 κάτωθεν
634 4180 680 4244 τῆς
701 4174 778 4227 αὑτοῦ
802 4181 885 4237 σκιᾶς,
906 4174 980 4227 αὑτὸν
999 4178 1134 4245 καταφέρει
1153 4177 1249 4227 ἀνωθεν
1267 4176 1310 4228 τὸν
1329 4176 1401 4228 κύνα.
1439 4176 1614 4228 σί.λε1.ιιιιὺ.

255 4265 334 4316 anim.
349 4263 411 4315 1117
431 4267 466 4330 (ρ.
480 4262 561 4325 θλ,2ῖ
582 4263 692 4326 Heich.)⁸
722 4266 839 4331 ίίεογνοιι.
854 4264 903 4315 XV
918 4264 938 4325 λ,
948 4264 979 4314 10

258 4506 268 4556 l
295 4504 383 4556 ὑπτίαν
402 4504 471 4556 AeL:
496 4503 569 4555 ὑπτία
588 4504 610 4555 λ’)
710 4502 736 4552 τέ
757 4502 791 4552 D:
815 4501 840 4553 δέ
860 4501 916 4554 ΑεΙ.
1017 4502 1032 4554 2
1057 4503 1168 4561 καὶτοῖς
1188 4504 1208 4554 Ι)
1229 4503 1296 4554 ML:
1323 4505 1365 4555 καὶ
1384 4504 1480 4556 delevit
1498 4503 1611 4557 floreher

255 4592 271 4643 4
290 4591 409 4660 λαμβάνει
427 4593 473 4661 τήν
492 4590 570 4660 αὑγήν
589 4590 658 4642 ,λελτ
678 4588 792 4658 λαμβάνη
812 4590 858 4658 τήν
877 4594 922 4658 γῆν
940 4590 961 4641 θ
1068 4589 1145 4659 αὑτης
1159 4588 1284 4642 Πετελιεττ
1302 4589 1380 4659 αύτῖγς
1398 4591 1419 4643 1>
1438 4592 1494 4644 λολ
1512 4592 1571 4644 libri

256 4679 327 4731 σκιὰν
342 4678 410 4730 λολτ
429 4685 470 4731 σκϊ
488 4682 531 4731 καὶ
544 4680 564 4730 l)
672 4677 687 4727 θ
706 4678 752 4745 τὴν
771 4678 843 4748 τρίχα
862 4679 965 4744 scripsi:
986 4681 1017 4747 τῇ
1036 4678 1109 4747 τρίχα
1123 4679 1143 4729 l)
1255 4677 1285 4728 λθ
1303 4696 1340 4729 τοι
1358 4695 1391 4731 επ
1409 4697 1433 4731 τι
1452 4680 1564 4731 correxit
1576 4678 1609 4731 θ’

260 4766 289 4818 13
308 4765 394 4822 δεινῶς
413 4767 520 4833 scripsi:
540 4766 612 4833 δεινηῑ
631 4765 652 4816 Ι)
779 4765 810 4816 λθ
830 4768 889 4830 post
907 4766 949 4815 καὶ
967 4765 1087 4816 lacunam
1106 4766 1219 4817 indicavi
1341 4765 1371 4816 17
1391 4765 1570 4817 άποτιλλῶταν
1587 4766 1609 4819 1)

258 4852 289 4904 19
312 4852 350 4922 ἴδη
371 4870 403 4905 ex
421 4853 470 4922 ήδη
491 4854 602 4905 conexit
624 4853 653 4902 θ’
785 4854 817 4903 26
841 4852 938 4922 διέλθης
958 4854 995 4904 sic
1016 4853 1036 4904 l)
