3510 5610
270 303 319 373 ‚73
661 305 667 314 ·
823 306 993 364 rmsomm
1011 307 1093 364 urm

332 479 399 557 ille,
427 481 458 544 id
482 487 528 544 ost
549 481 718 545 humiditas
741 503 795 565 per
817 504 912 566 quam
934 484 1163 568 pertransierat,
1185 483 1218 547 in
1241 504 1311 547 aere
1334 489 1463 568 apparet
1483 505 1588 548 crassa

331 583 419 646 nubs
465 591 511 647 est
533 590 639 648 autom
660 584 783 667 quando
807 592 839 648 et
858 587 966 671 pluuia
987 587 1090 669 grauis
1109 588 1145 650 fit
1160 592 1191 649 et
1205 607 1244 650 ex
1258 587 1420 651 hominum
1437 587 1585 651 aliorum·

331 705 391 767 que
415 685 599 750 animalium
617 687 654 750 in
676 708 748 751 aere
770 692 802 750 et
822 688 855 751 in
878 689 1012 752 nubibus
1034 696 1149 770 meatu,
1172 689 1203 752 id
1226 695 1273 753 est
1294 690 1412 752 afflatu.
1457 710 1513 773 per
1528 691 1587 755 hoc

331 788 503 851 ostenditur
525 789 608 872 quod
631 810 692 853 non
713 789 810 853 talem
833 791 983 855 uirtutem
1007 799 1061 855 aut
1083 791 1317 855 crassitudinem
1333 791 1468 856 habeant
1483 793 1585 856 nubes

302 897 366 953 out
388 891 482 953 etiam
504 891 748 955 minutissimum
776 893 850 975 quid
876 916 971 977 graue
997 894 1116 978 possint
1144 894 1295 957 sustinere
1317 894 1351 958 in
1373 915 1444 958 aere
1466 901 1522 958 aut
1546 914 1586 957 ax

329 997 412 1056 terra
434 993 600 1058 retrahere.
645 995 731 1058 uenti
760 996 841 1058 enim
870 997 1000 1060 multam
1029 996 1180 1059 uirtutem
1205 996 1354 1060 habentes
1377 1003 1585 1080 potenterque

330 1101 363 1158 ot
379 1095 472 1158 nimis
494 1097 645 1180 spirantes
668 1118 730 1161 non
753 1103 882 1181 possunt
903 1098 1039 1181 lapidem
1062 1120 1193 1182 paruum
1208 1098 1241 1161 in
1257 1119 1326 1162 aere
1342 1097 1583 1182 deprehendere.

329 1198 464 1261 nubibus
487 1206 590 1262 autem
614 1208 645 1264 et
667 1200 770 1265 uentis
793 1201 889 1264 talem
915 1201 1066 1265 uirtutem
1089 1222 1151 1265 non
1174 1201 1286 1264 habore
1309 1201 1452 1280 ostensiS,
1475 1202 1585 1285 itaquo

329 1320 424 1382 graue
446 1301 509 1364 tale
532 1301 564 1364 iu
587 1323 657 1366 aere
679 1303 761 1387 quod
783 1303 866 1366 cadit
889 1326 926 1366 cx
949 1325 1033 1383 aare,
1063 1303 1144 1367 unde
1172 1305 1207 1367 lit
1228 1305 1360 1367 formare
1383 1304 1468 1367 illam
1492 1310 1585 1367 natu-

291 1418 317 1461 ro
330 1424 396 1465 ram
419 1410 451 1465 et
471 1403 575 1485 iguem
598 1411 630 1467 et
651 1405 779 1484 similia,
803 1406 924 1489 etquis
947 1428 985 1470 ex
1007 1413 1089 1470 terra
1110 1406 1186 1471 haec
1208 1406 1366 1483 subleuat,
1394 1413 1426 1469 et
1452 1406 1522 1490 quis
1549 1406 1583 1469 in

330 1526 400 1568 aere
424 1504 580 1570 continet?
613 1514 644 1570 ct
670 1508 696 1571 si
723 1508 849 1590 quidem
877 1530 939 1572 non
967 1530 1005 1572 ex
1031 1531 1068 1573 ea
1090 1516 1190 1573 tracta
1210 1507 1477 1586 subuehebantur,
1513 1508 1584 1592 quis

330 1609 428 1672 factor
450 1629 555 1672 eorum
578 1611 615 1682 in,
633 1609 723 1674 aere?
745 1611 770 1674 si
794 1611 877 1674 onim
899 1611 962 1695 illc,
975 1612 1028 1695 qui
1052 1612 1194 1675 deorsum
1217 1611 1301 1674 cadit
1315 1611 1394 1693 ignis
1409 1631 1504 1693 graue
1520 1630 1583 1674 non

330 1711 439 1789 habet,
472 1719 714 1794 uorumtamcn
741 1714 884 1778 deorsum
911 1716 1022 1792 fertur,
1056 1714 1256 1777 manifestum
1289 1721 1337 1777 est
1369 1714 1443 1797 quia
1468 1717 1585 1776 natura
1677 1752 1681 1761 ·

329 1813 432 1877 differt
458 1814 507 1878 hic
533 1815 572 1878 ab
601 1836 635 1878 eo
663 1815 717 1898 qui
743 1817 776 1879 in
803 1825 885 1881 terra
908 1823 953 1881 cst
974 1819 1054 1901 igne.
1098 1816 1214 1879 terreni
1241 1815 1324 1878 eninr
1352 1815 1429 1899 ignis
1455 1815 1584 1878 flamma

290 1932 316 1976 ιο
328 1938 451 1981 sursum
474 1916 507 1980 in
528 1902 599 1980 aere
622 1919 758 1982 exaltata
780 1918 812 1982 in
835 1918 1020 1984 diametrum
1044 1919 1109 1983 eius
1130 1918 1274 1982 llectitur.
1318 1918 1345 1980 si
1367 1937 1439 1981 uero
1461 1917 1496 1980 in
1511 1937 1582 1980 aare

331 2019 409 2102 ignis
432 2040 525 2101 graue
547 2019 641 2084 habet
663 2028 694 2084 et
716 2042 771 2104 per
786 2021 863 2085 illud
877 2043 970 2104 graue
985 2023 1127 2086 deorsum
1144 2021 1236 2098 cadit,
1260 2019 1494 2083 deliberandum
1508 2019 1581 2083 hoc:

328 2121 411 2184 unde
434 2120 500 2185 eius
522 2123 581 2186 erit
603 2144 706 2205 graue,
730 2131 762 2187 et
784 2125 852 2206 quis
874 2124 1006 2187 sustinet
1027 2124 1061 2187 in
1084 2145 1164 2199 aere,
1188 2130 1220 2187 et
1235 2143 1330 2206 quare
1344 2122 1376 2184 in
1393 2122 1583 2185 humiditate

329 2225 412 2287 lucet
435 2230 528 2306 atque
550 2225 693 2308 fulgorat,
717 2232 749 2291 et
771 2247 929 2310 quousque
952 2225 992 2289 ad
1013 2232 1129 2289 terram
1152 2225 1303 2302 mittitur,
1331 2246 1431 2309 neque
1453 2224 1582 2308 spiritus

328 2348 429 2410 neque
452 2327 561 2410 pluuia
582 2328 670 2392 illum
695 2327 873 2412 extinguet?
915 2348 970 2412 per
991 2327 1049 2391 hoc
1071 2337 1175 2392 autem
1199 2326 1370 2409 capitulum
1390 2348 1469 2410 quae
1485 2326 1583 2390 dubia

287 2445 315 2488 ao
328 2437 402 2494 sunt
423 2430 534 2493 multis
553 2431 680 2513 quidem
702 2432 903 2514 perhibentur
925 2431 1112 2510 rationibus,
1135 2451 1231 2493 unam
1252 2449 1327 2493 uero
1343 2434 1437 2513 atque
1453 2430 1583 2493 breuem

329 2533 424 2597 habet
455 2533 698 2615 speculationem
726 2533 763 2597 de
792 2535 879 2617 graui
906 2542 937 2596 ot
963 2534 1026 2597 leui
1054 2540 1085 2597 et
1110 2533 1158 2596 his
1185 2553 1266 2615 quae
1292 2553 1414 2595 sursum
1440 2531 1521 2596 fiunt
1547 2532 1582 2594 in

328 2656 398 2699 aere
421 2636 619 2700 crassioribus
641 2637 828 2720 corporibus
850 2658 904 2700 seu
925 2637 1020 2733 etiam
1036 2636 1161 2699 omnino
1176 2656 1298 2698 sursum
1312 2635 1419 2699 tractis
1434 2656 1472 2698 ex
1487 2641 1582 2712 terra,

330 2747 360 2802 ct
382 2738 535 2820 quomodo
557 2738 740 2815 subsistunt,
764 2745 795 2802 et
817 2759 836 2801 a
857 2759 917 2821 quo
938 2759 975 2802 ea
990 2739 1183 2802 sustinentur
1197 2737 1264 2800 siue
1278 2738 1429 2800 feruntur.
1473 2738 1583 2820 itaque

326 2841 408 2904 siin
434 2840 619 2905 solutionem
646 2861 701 2925 pro
723 2841 771 2904 his
797 2862 877 2924 quae
903 2842 1045 2925 quaesita
1070 2846 1143 2904 sunt
1170 2843 1290 2923 oportet
1314 2839 1370 2903 illa
1392 2840 1581 2922 priusacci-

286 2959 313 3003 ω
327 2963 399 3026 pere
424 2951 455 3006 et
477 2943 591 3021 dicere,
615 2943 689 3025 quia
710 2943 852 3025 grauium
874 2952 906 3008 et
925 2932 1045 3009 leuium
1066 2942 1225 3026 quoddam
1247 2941 1372 3024 quidem
1395 2942 1582 3027 simpliciter

328 3053 360 3110 ct
382 3046 421 3109 ad
443 3065 475 3108 se
497 3045 621 3124 dicitur,
644 3044 800 3128 quoddam
823 3067 896 3111 uero
918 3047 957 3110 ad
981 3047 1112 3110 aliorum
1133 3044 1396 3128 comparationem
1412 3066 1468 3128 per
1482 3065 1600 3137 quam·

327 3148 451 3232 grauius
474 3153 529 3211 eut
551 3148 650 3211 leuius
673 3147 768 3210 altero
791 3147 936 3229 dicimus3
958 3150 1061 3234 ipsum
1082 3154 1190 3212 autem
1212 3148 1337 3211 omnino
1352 3154 1493 3231 graueet
1507 3147 1580 3211 leue

327 3250 409 3336 quod
436 3250 562 3333 quidem
590 3270 711 3333 semper
737 3252 898 3315 consueuit
924 3273 943 3315 a
969 3251 1071 3315 modio
1104 3250 1177 3314 uehi
1209 3271 1334 3314 sursum
1363 3249 1508 3334 quodque
1538 3249 1580 3313 ad

297 3330 464 3418 ‘medium
492 3352 615 3415 deduci:
649 3351 728 3434 iguis
756 3354 851 3437 igitur
878 3353 1000 3437 proprie
1029 3361 1060 3417 ot
1085 3353 1269 3437 simpliciter
1295 3359 1326 3417 et
1351 3372 1473 3435 semper
1499 3351 1580 3416 leuis

285 3474 312 3518 so
326 3466 437 3524 natura
458 3477 581 3519 sursum
603 3454 677 3517 facit
699 3456 901 3533 euectionem,
925 3462 1007 3520 terra
1029 3477 1102 3520 uero
1125 3463 1156 3519 et
1176 3463 1297 3519 terrena
1313 3456 1419 3519 omnia
1433 3455 1579 3518 deorsum

325 3561 365 3626 ad
386 3560 525 3624 medium
547 3558 629 3621 acsi
652 3565 764 3621 natura
779 3559 886 3641 grauia
900 3546 1049 3623 locantur.
1095 3558 1309 3622 diffiniendum
1333 3558 1417 3622 enim
1439 3557 1579 3620 fortassis

272 3754 306 3806 24
324 3752 433 3806 Aristot.
452 3749 554 3801 308⁸7:
575 3746 673 3816 λέγεται
691 3745 721 3816 δὴ
739 3745 768 3797 τὸ
787 3748 832 3813 μὲν
852 3745 939 3805 ἁπλῶς
958 3747 1020 3819 βαρὺ
1039 3748 1082 3799 καὶ
1101 3751 1205 3818 κοῦφον,
1219 3724 1253 3799 ’τὸ
1272 3746 1297 3798 δὲ
1316 3745 1377 3815 πρὸς
1395 3746 1493 3815 ἕτερον·
1512 3751 1567 3798 τῶν
1585 3745 1634 3814 γὰρ

272 3840 392 3910 ἐχόντων’
405 3839 478 3908 βάρος
496 3837 578 3905 φαμὲν
596 3835 625 3887 τὸ
643 3835 689 3902 μὲν
708 3835 769 3885 εἶναι
781 3833 935 3904 κουφότερον
954 3835 983 3887 τὸ
1002 3835 1027 3887 δὲ
1046 3834 1189 3907 βορὺτερον,
1207 3834 1258 3887 οἷον
1277 3832 1352 3893 {theo
1370 3833 1466 3903 χαλκόν
1538 3831 1574 3885 28
1592 3833 1632 3885 ld.

271 3926 392 3980 308229:
411 3923 499 3981 ἁπλῶς
517 3924 562 3992 μὲν
581 3921 625 3974 οὖν
644 3926 739 3991 κοῦφον
757 3920 862 3990 λέγομεν
880 3925 910 3974 τὸ
923 3922 977 3974 ἅνω
996 3923 1132 3994 φερόμενον
1151 3923 1194 3974 καὶ
1212 3921 1272 3994 πρὸς
1289 3920 1319 3973 τὸ
1338 3920 1454 3990 ἔσχατον,
1473 3920 1536 3990 βαρὺ
1555 3919 1583 3972 δὲ
1601 3920 1632 3972 τὸ

271 4013 360 4070 ἁπλῶς
378 4012 450 4063 κάτω
469 4012 512 4063 καὶ
530 4009 591 4081 πρὸς
607 4009 636 4061 τὸ
656 4009 730 4077 μέσον
749 4008 793 4071 (cf.
811 4008 932 4076 altaro)
1034 4011 1067 4063 29
1086 4011 1124 4062 ld.
1143 4009 1266 4062 3081113:
1285 4013 1329 4060 νῦν
1348 4009 1394 4080 γὰρ
1411 4013 1441 4060 τὸ
1459 4008 1505 4076 μὲν
1524 4010 1574 4079 πῦρ
1592 4007 1633 4059 ἀεὶ

271 4105 368 4171 κοῦφον
387 4099 431 4150 καὶ
449 4098 503 4150 ἅνω
522 4099 630 4169 φέρεται,
649 4097 665 4166 ἡ
684 4096 710 4148 δὲ
728 4101 760 4165 γῆ
779 4097 823 4148 καὶ
841 4097 873 4149 τὰ
890 4099 968 4168 γεηρὰ
986 4098 1068 4150 πάντα
1086 4099 1158 4149 κάτω
1177 4099 1220 4150 καὶ
1238 4096 1300 4169 πρὸς
1317 4096 1346 4149 τὸ
1364 4096 1439 4165 μέσον
1537 4095 1570 4148 31
1592 4095 1631 4147 ld.

272 4188 394 4242 311216:
421 4175 523 4256 ’πρῶτον
542 4186 587 4254 μὲν
606 4183 649 4237 οὖν
669 4182 808 4254 διωρίσθω,
829 4182 944 4256 καθάπερ
962 4185 1076 4255 φαίνεται
1093 4191 1166 4249 πᾶσι,
1185 4185 1246 4256 βαρὺ
1266 4185 1311 4254 μὲν
1329 4183 1417 4241 ἁπλῶς
1435 4182 1464 4235 τὸ
1482 4186 1556 4235 πᾶσιν
1575 4180 1632 4251 irpr-

272 4279 406 4345 στάμενον,
424 4279 520 4343 κοῦφον
540 4272 566 4325 δὲ
584 4273 612 4325 τὸ
632 4277 705 4324 πᾶσιν
723 4270 880 4333 ἐπιπολάζον.
917 4272 1004 4332 ἁπλῶς
1023 4272 1049 4325 δὲ
1066 4271 1132 4342 λέγω
1151 4271 1186 4330 εἴς
1204 4271 1277 4324 τετὸ
1296 4271 1365 4340 γένος
1384 4269 1484 4341 βλέπων
1502 4270 1546 4322 καὶ
1557 4266 1632 4327 ’ὅσοις
1739 4328 1747 4349 ⁸

272 4365 307 4434 μὴ
326 4363 458 4434 ἀμφότερα
475 4361 581 4433 ὑπάρχει

274 4539 334 4592 lid
351 4537 402 4606 est]
421 4539 440 4589 i.
459 4537 490 4586 H
499 4535 593 4605 passim
651 4534 712 4586 tet
731 4519 853 4600 (alterum)
872 4553 916 4584 ont.
938 4534 995 4585 ΟΜ
1050 4535 1113 4586 3in
1131 4533 1200 4603 aere]
1219 4550 1278 4587 aere
1296 4533 1328 4584 H
1377 4533 1583 4600 sspotentesque
1602 4531 1636 4582 H

271 4627 368 4680 8non
387 4644 432 4676 om.
453 4623 510 4674 ΟΜ
619 4621 647 4673 ll
678 4626 761 4673 tracta
779 4639 823 4670 ora.
846 4620 900 4672 ΟΜ
1008 4623 1189 4674 subuehantur
1210 4621 1266 4672 ΟΜ
1372 4621 1404 4672 14
1431 4619 1517 4673 differt
1533 4620 1577 4672 hic
1595 4621 1630 4673 ab

272 4729 302 4766 eo
320 4713 361 4765 H:
381 4710 493 4763 defertur
511 4711 590 4763 cabeo
611 4709 642 4761 0:
663 4709 779 4760 differtur
796 4709 826 4760 in
844 4710 921 4761 caheo
943 4710 975 4760 Μ
1077 4707 1182 4761 flamma
1200 4728 1244 4760 om.
1265 4708 1318 4761 ΟΜ
1423 4709 1452 4760 17
1472 4707 1536 4775 quid
1557 4707 1593 4757 M
1662 4720 1665 4725 ·

274 4801 305 4853 18
325 4780 443 4852 mittatur
463 4799 519 4849 ΟΜ
594 4797 628 4849 20
647 4796 749 4864 quidem
771 4794 835 4846 CM:
855 4797 924 4847 enim
943 4797 974 4846 H
1052 4796 1086 4849 23
1105 4798 1161 4850 siue
1178 4796 1294 4850 femnter
1312 4797 1383 4848 HM:
1402 4797 1419 4848 i.
1438 4795 1589 4847 sirleruntur
1609 4796 1633 4847 Ο

278 4889 312 4945 24
330 4890 352 4941 si
371 4907 416 4938 om.
437 4887 493 4938 ΟΜ
595 4884 628 4937 26
647 4884 680 4936 ad
699 4900 727 4935 se
744 4883 785 4934 II:
804 4898 820 4934 a
838 4899 865 4935 sa
886 4883 939 4934 CM
