3510 5610
285 270 347 335 110
443 270 692 325 ARISTOPHANIS
712 270 896 324 HISTORIAE
915 268 1275 325 λλιιιλιῐῠυυνιτουυ
1293 268 1484 325 11379-384

337 440 390 505 οῦκ
411 439 482 529 ἔχον
504 443 535 506 ἐν
550 444 646 528 ἑαυτῷ
670 440 834 527 κοιλότητα,
857 440 933 505 ἀλλὰ
954 442 1083 527 στερεόν·
1110 444 1130 527 ἡ
1153 443 1186 507 δὲ
1208 442 1314 526 θήλεια
1336 440 1458 527 ύστίραν
1475 441 1589 527 δίκρουν

337 546 386 607 καὶ
407 545 495 609 τίκτει
517 548 620 631 τυφλά.
720 544 814 629 (380)
840 546 873 608 τδ
900 545 933 608 δὲ
959 545 1210 629 μυθολογούμενον
1238 548 1280 612 ῶς
1305 542 1354 607 διὰ
1374 548 1426 607 τοῦ
1448 544 1593 629 στόματος

337 647 437 733 ὀχεύει
464 652 521 711 τῶν
551 647 618 730 εἰκῇ
648 646 896 730 πεπιστευμένων·
934 646 968 710 ού
997 648 1052 731 γὰρ
1081 649 1194 734 ὀχεύει,
1222 645 1298 711 ἀλλὰ
1325 646 1472 711 τιθασεύει
1499 650 1541 717 ῶς
1568 648 1589 731 ἡ

337 753 499 835 περιστερά.

310 868 324 913 5
423 853 518 937 (381)
550 848 727 915 Αίλιανοῦ.
768 851 792 915 Γ
793 855 864 915 αλαῖ
883 852 1036 936 τρύζουσαι
1057 856 1191 938 χειμῶνα
1213 852 1334 938 ίσχυρδν
1355 853 1537 939 σημαίνουσι

338 956 431 1040 (382)
459 959 582 1041 μάλιστα
606 956 637 1017 δὲ
659 954 749 1023 αὐτάς
771 956 931 1018 δεδοίκασιν
954 957 981 1017 οἱ
1004 954 1083 1039 μύες.

421 1058 514 1142 (383)
541 1054 615 1121 Ἴδια
637 1058 670 1120 δὲ
691 1056 748 1140 άροι
770 1064 828 1119 τῶν
851 1053 937 1142 ζῴων
959 1058 1113 1121 καὶταῦτα
1134 1058 1228 1143 δήπου
1252 1064 1433 1141 καταγνῶναι
1452 1060 1586 1143 πάρεστι·

339 1162 406 1231 τοὺς
427 1166 495 1245 γοῦν
519 1159 610 1245 ὄρνεις
631 1159 697 1229 τοὺς
720 1160 834 1244 ἠθάδας
855 1161 990 1230 καὶτοὺς
1016 1161 1047 1223 ἐν
1069 1162 1137 1224 ποσὶ
1159 1161 1355 1245 τρεφομένους
1376 1185 1407 1223 τε
1429 1164 1477 1225 καλ
1499 1162 1592 1231 ἐξετα-

339 1264 477 1349 ζομένους
498 1264 612 1348 δρῶμεν
635 1263 742 1329 ἵππους
763 1285 794 1324 τε
817 1263 865 1324 καὶ
888 1260 971 1332 ὄνους
992 1265 1041 1327 καὶ
1064 1264 1133 1348 βοῦς
1155 1264 1203 1326 καί
1225 1264 1375 1349 καμήλους
1398 1266 1589 1349 θαρροῦντας·

299 1383 325 1429 10
338 1369 364 1430 εἰ
388 1368 420 1431 δὲ
445 1369 494 1430 καὶ
520 1365 656 1450 ἐλέφαντί
678 1388 735 1427 που
762 1365 849 1448 πράιρ
870 1366 919 1428 καὶ
946 1365 1049 1450 ήμέριρ
1073 1366 1077 1447 Ι
1102 1365 1322 1451 συντρέροιντο,
1349 1366 1411 1431 οίδε
1433 1366 1486 1430 οῦκ
1511 1366 1647 1449 όρ-ιωνι

340 1474 495 1555 ρωδοῦσιν,
523 1467 598 1532 ἀλλὰ
626 1468 675 1530 καὶ
697 1464 732 1530 δι’
753 1466 848 1529 αὐτῶν
869 1467 985 1530 ἐκείνων
1008 1466 1152 1553 ἔρχονται.
1196 1468 1255 1553 ἥδη
1278 1470 1310 1532 δὲ
1332 1471 1380 1533 καὶ
1402 1470 1591 1553 ἀλεκτρυόνες

339 1575 387 1636 καί
407 1574 454 1635 ἐπὶ
475 1572 511 1636 τὰ
530 1578 607 1635 νῶτα
626 1571 722 1633 αὐτῶν
743 1570 944 1633 άναπέτονται·
971 1575 1107 1634 τοσοῦτον
1126 1572 1224 1640 αὐτοῖς
1243 1577 1295 1635 τοῦ
1317 1571 1446 1656 θάρσους
1464 1572 1592 1657 περίεστι

340 1677 388 1738 καὶ
411 1680 461 1737 τοῦ
484 1675 596 1743 ἀδεοῦς.
641 1672 740 1734 πτοίαν
763 1672 795 1734 δὲ
817 1672 914 1741 αὐτοῖς
939 1673 1069 1758 ἐντίθησι
1095 1676 1144 1737 καὶ
1169 1674 1233 1743 δέος
1256 1676 1374 1760 ίσχυρθν
1399 1677 1474 1758 γαλή
1501 1697 1592 1758 παρα·

340 1781 500 1862 δραμοῦσα.
544 1777 592 1839 καὶ
616 1777 769 1858 μυκήσεων
793 1775 845 1857 μὲν
868 1776 916 1838 καὶ
938 1776 1088 1860 δγκήσεων
1112 1776 1146 1839 ού
1168 1781 1314 1839 ποιοῦνται
1336 1776 1430 1860 ὥραν,
1457 1776 1591 1862 κρίξασαν

300 1897 327 1942 15
340 1881 373 1943 δὲ
402 1880 459 1965 ἄρα
489 1880 577 1963 μόνον
606 1878 760 1962 πεφρίκασι
789 1878 841 1961 τὴν
871 1876 1090 1961 προειρημένην.
1135 1885 1235 1963 χηνῶν
1264 1902 1296 1941 τε
1325 1880 1372 1942 καὶ
1402 1878 1513 1942 κύκνων
1542 1880 1591 1943 καλ

340 1984 489 2068 στρουθῶν
511 1988 569 2044 τῶν
593 1982 726 2063 μεγάλων
754 1978 774 2061 ή
795 2003 821 2041 τι
844 1980 863 2061 ἢ
887 1977 969 2041 οὐδὲν
992 1981 1203 2064 φροντίζουσιν,
1230 1980 1333 2065 ἱέρακα
1353 1982 1386 2044 δὲ
1412 1982 1591 2068 βραχύτερον

342 2086 410 2150 ύντα
432 2087 618 2169 ὀρρωδοῦσιν.

423 2187 517 2270 (384)
549 2185 615 2269 (Ἦ)
641 2185 763 2271 χερσαία
789 2187 864 2268 γαλῆ
892 2184 936 2247 ότι
961 2184 997 2270 ήν
1024 2185 1178 2269 ἅνθρωπος
1204 2186 1330 2270 ἤκουσα·
1365 2187 1413 2251 καὶ
1435 2186 1480 2249 ότι
1504 2190 1591 2251 τοῦτο

340 2293 482 2365 ἐκαλεῖτο,
505 2292 553 2374 καί
575 2288 619 2351 ότι
643 2287 677 2372 ήν
699 2288 770 2370 γύης
791 2289 840 2350 καλ
862 2288 1020 2372 φαρμακίς,
1043 2290 1091 2351 καί
1114 2288 1157 2351 ότι
1180 2291 1280 2358 δεινῶς
1302 2288 1463 2359 ἀκόλαστος
1485 2288 1521 2373 ἧν
1543 2290 1592 2353 καὶ

299 2394 496 2478 νυάφροδίτην
519 2392 685 2474 παράνομον
709 2389 816 2462 ἐνόσει,
843 2392 891 2454 καὶ
914 2395 1003 2453 ταῦτα
1025 2391 1066 2459 εἰς
1088 2391 1178 2475 ἀκοήν
1201 2393 1253 2475 τὴν
1276 2392 1349 2474 ἐμὴν
1372 2392 1506 2475 ἀφίκετο·
1540 2392 1591 2455 καί

342 2503 382 2566 ῶς
397 2497 438 2563 είς
457 2500 541 2558 τοῦτο
561 2496 593 2556 τό
614 2497 691 2578 ίιγῖον
712 2494 743 2555 τδ
760 2495 848 2556 κακόν
868 2491 986 2577 ἔτρεψεν
1005 2494 1095 2575 αὐτὴν
1111 2490 1237 2578 Ἑκάτης
1257 2500 1309 2578 τῆς
1330 2496 1399 2557 θεοῦ
1421 2498 1505 2577 μήνις
1522 2492 1594 2557 οὐδὲ

340 2598 423 2665 τοῦτό
448 2620 484 2680 με
505 2596 638 2678 λέληθεν.
675 2596 695 2677 ἡ
719 2596 770 2677 μὲν
793 2595 842 2658 οῦν
866 2596 935 2665 θεδς
957 2597 1045 2665 ι’λεως
1067 2594 1156 2659 ἔστω·
1189 2596 1299 2680 μύθους
1320 2594 1345 2660 δ’
1367 2598 1408 2659 ἐῶ
1430 2597 1477 2659 καὶ
1501 2596 1593 2677 μυθο-

340 2703 435 2784 λογίαν
464 2700 571 2766 άλλοις.
616 2696 659 2759 ότι
682 2698 715 2760 δέ
736 2698 797 2761 ἐστι
821 2700 921 2782 θηρίον
949 2698 1184 2784 ἐπιβουλότατον,
1212 2701 1260 2763 καί
1286 2705 1398 2784 νεκροῖς
1425 2700 1593 2782 ἀνθρώποις

289 2972 301 3021 1
324 2965 434 3036 δίκρουν]
454 2964 485 3017 τί.
503 2966 582 3017 Arist.
595 2966 656 3017 hist.
671 2965 750 3017 anim.
764 2960 809 3015 ΓΙ
830 2979 855 3030 ρ.
868 2961 959 3015 510¹>ss
1088 2963 1104 3015 2
1127 2962 1156 3016 τδ
1175 2963 1201 3016 δὲ
1220 2961 1446 3032 μυθολογούμενον]
1465 2964 1545 3015 Arist.
1557 2978 1647 3031 gener.

287 3057 367 3109 anim.
379 3050 424 3105 1¹6
443 3068 468 3120 p.
478 3051 547 3102 7:361
557 3050 587 3103 13
608 3052 653 3104 είσὶ
672 3053 717 3121 γάρ
736 3069 797 3107 τινες
816 3050 839 3101 οἳ
856 3049 952 3118 λέγουσι
970 3051 1082 3103 κατὰτὸ
1101 3051 1182 3119 στόμα
1201 3048 1330 3120 μίγνυσθαι
1347 3050 1406 3109 τούς
1424 3069 1451 3103 τι
1469 3050 1582 3121 κόρακας
1602 3050 1647 3103 καὶ

286 3145 333 3213 τὴν
348 3142 411 3211 ἶβιν,
433 3141 544 3192 καὶτῶν
562 3138 720 3208 τετραπόδων
738 3139 829 3190 τίκτειν
847 3136 959 3189 κατὰτὸ
977 3138 1057 3205 στόμα
1075 3139 1121 3208 την
1139 3138 1225 3207 γαλῆν.
1259 3143 1339 3191 ταῦτα
1357 3140 1403 3209 γάρ
1421 3139 1465 3190 καὶ
1481 3136 1647 3207 Ἀναξαγόρας

287 3231 330 3283 καλ
348 3236 400 3281 τῶν
419 3226 502 3279 ἄλλων
520 3227 583 3285 τινὲς
601 3234 713 3296 φυσικῶν
732 3225 841 3293 λέγουσι,
859 3222 913 3276 λίαν
931 3224 1018 3283 όπλῶς
1036 3226 1079 3277 καὶ
1098 3227 1229 3284 ἀσκέπτως
1248 3226 1373 3294 λέγοντες,
1395 3227 1451 3297 περὶ
1468 3226 1513 3295 μίν
1531 3224 1575 3278 σύν
1593 3230 1647 3277 τῶν

287 3316 393 3389 όρνίθων
412 3317 441 3367 ἐκ
461 3312 623 3382 συλλογισμοῦ
641 3312 828 3381 διαψευδόμενοι
845 3315 882 3381 τῷ
901 3312 947 3381 τὴν
966 3314 1010 3381 μὲν
1029 3312 1113 3383 ὀχείαν
1132 3313 1243 3381 ὀλιγάκις
1261 3312 1365 3381 δρᾶσθαι
1383 3314 1429 3383 τὴν
1447 3320 1499 3366 τῶν
1517 3316 1647 3383 κοράκων,

287 3406 333 3474 τὴν
356 3404 382 3456 δὲ
404 3409 455 3460 τοῖς
478 3400 577 3473 βύγχεσι
599 3401 659 3472 πρδς
682 3399 777 3469 ἄλληλα
801 3400 931 3451 κοινωνίαν
954 3398 1086 3459 πολλάκις,
1108 3400 1139 3470 ἥν
1162 3402 1241 3453 πάντα
1264 3408 1368 3453 ποιεῖται
1389 3400 1420 3452 τὰ
1438 3399 1575 3470 κσρακιύδη
1593 3405 1648 3453 τῶν

288 3491 393 3562 όρνέων·
417 3487 493 3558 δῆλον
511 3488 537 3540 δὲ
555 3494 630 3540 τοῦτο
652 3489 761 3540 ἐπὶτῶν
782 3486 980 3555 τιθασευομένων
998 3487 1118 3539 κολοιῶν·
1142 3488 1172 3540 τδ
1191 3487 1211 3539 δ’
1226 3486 1288 3539 αὐτὸ
1308 3492 1383 3539 τοῦτο
1401 3494 1466 3541 ποιεί
1486 3488 1576 3541 καὶτὸ
1594 3494 1647 3540 τῶν

289 3582 439 3649 περιστερῶν
457 3578 538 3644 γένος·
561 3575 624 3628 ἀλλὰ
642 3575 681 3628 διδ
699 3576 728 3627 τδ
747 3577 789 3626 καὶ
808 3575 945 3644 ὀχευόμενα
964 3574 1102 3644 φαίνεσθαι,
1122 3575 1161 3627 διδ
1178 3579 1252 3627 τοῦτο
1271 3574 1363 3644 ταύτης
1382 3574 1411 3627 οῦ
1430 3576 1583 3645 τετυχήκασι
1600 3578 1648 3645 τῆς

288 3667 427 3736 φήμης...
440 3664 471 3714 31
491 3665 534 3715 καὶ
546 3663 561 3732 ή
575 3663 648 3732 γαλῆ,
663 3663 776 3732 καθάπερ
789 3662 867 3715 τᾶλλα
879 3662 1025 3730 τετράποδα,
1038 3663 1081 3714 τδν
1095 3662 1178 3720 αὐτοῖς
1190 3663 1281 3731 τρόπον
1294 3662 1347 3732 ἔχει
1361 3664 1461 3721 ἐκείνοις
1474 3664 1517 3722 τὰς
1530 3662 1647 3731 ῦστίρας·

288 3753 314 3813 ἐξ
333 3752 369 3805 ῶν
388 3752 420 3809 είς
439 3750 468 3803 τὸ
487 3751 567 3819 στόμα
586 3754 622 3821 πη]
642 3750 758 3819 βαδιεῖται
780 3750 808 3801 τὸ
829 3749 948 3818 ἔμβρυον;
974 3749 1037 3802 ἀλλὰ
1058 3750 1098 3801 διὰ
1117 3749 1145 3801 τδ
1163 3750 1254 3802 τίκτειν
1273 3752 1376 3817 πάμπαν
1394 3752 1472 3821 μικρά
1491 3751 1538 3820 τήν
1558 3748 1648 3821 γαλῆν,

288 3840 402 3908 καθάπερ
421 3840 464 3890 καὶ
482 3837 560 3890 τᾶλλα
572 3840 603 3891 τά
616 3838 759 3908 σχιξότοδα,
777 3838 832 3907 περὶ
845 3835 881 3887 ῶν
900 3834 1000 3906 ύστερον
1020 3838 1130 3906 ἐροῦμεν,
1148 3842 1186 3907 τῷ
1201 3838 1227 3890 δὲ
1242 3838 1346 3906 στόματι
1364 3837 1483 3897 πολλάκις
1501 3838 1648 3909 μεταφέρειν

288 3929 345 3986 τούς
363 3926 485 3988 νεοττούς,
503 3926 597 3994 ταύτην
616 3926 736 3994 πεποίηκε
755 3925 801 3994 τὴν
820 3924 892 3983 δόξαν
1019 3925 1034 3976 ἵν
1056 3924 1141 3993 γαλαῖ]
1162 3925 1193 3977 τί.
1212 3926 1267 3977 Αυί.
1281 3932 1336 3977 nat.
1349 3927 1428 3978 anim.
1443 3924 1518 3978 1'118
1537 3928 1573 3993 (p.
1588 3924 1649 3991 175,

290 4016 322 4067 ‘22
337 4016 438 4079 Ιίυνιλι.)
537 4014 553 4067 θ
572 4012 691 4082 μάλιστα]
711 4012 743 4063 τί.
762 4012 816 4063 Αυλ
835 4012 851 4062 l.
865 4030 887 4061 ι·.
901 4013 931 4063 λ’]
943 4013 974 4064 41
990 4014 1025 4079 (γι.
1037 4012 1116 4077 15ῖ,4
1131 4014 1232 4078 Herch.)
1330 4013 1346 4065 ’ί
1364 4013 1424 4082 ἴδια]
1442 4013 1499 4065 Αεί.
1516 4012 1534 4064 l.
1547 4028 1571 4065 c.
1581 4012 1603 4063 V
1613 4010 1649 4065 50

289 4106 326 4170 (p.
342 4101 519 4167 13:115-19
538 4103 641 4163 ΙΙει-ιλι.)
760 4100 789 4149 18
811 4100 826 4167 ί,
846 4100 960 4169 χερσαίαν]
979 4100 1035 4151 Αολ
1054 4100 1208 4152 l.c.XV11
1232 4100 1648 4169 (p.375,13-376,19110reh.)

292 4326 303 4376 1
325 4326 351 4378 ἐν
369 4326 450 4393 ἑαυτῷ
467 4324 573 4390 scripsi:
592 4320 628 4391 ἐρ’
645 4324 725 4390 ἑαυτῷ
745 4324 764 4373 ί)
875 4322 891 4375 ἴι
910 4321 1039 4394 τρίζουσαι
1059 4324 1092 4375 D:
1111 4322 1283 4392 ύποτρίζουσαι
1302 4324 1357 4376 λεί.
1468 4324 1484 4377 6
1503 4323 1529 4377 αί
1547 4324 1648 4393 μῦιςΙλ

291 4413 306 4464 7
326 4410 723 4477 “Hamculpar11l.=ricatorisl)
852 4409 932 4479 ταύτη
952 4411 1064 4462 Ιίεττλιυτ
1187 4412 1203 4461 8
1226 4410 1303 4481 ὄρνεις
1323 4413 1342 4463 1)
1362 4412 1485 4465 llereher:
1508 4410 1573 4482 ὄρνις
1591 4410 1649 4465 λεί.

235 4492 244 4513 '
290 4500 306 4550 9
328 4517 356 4551 τε
375 4516 424 4550 οιιν.
442 4499 496 4551 Αελ.
609 4498 640 4549 Ιθ
663 4496 712 4549 οἶδε
731 4498 765 4550 D:
790 4498 812 4550 οἱ
830 4497 856 4549 δὲ
876 4499 931 4550 ,λυλ
1041 4499 1071 4549 14
1096 4500 1230 4567 μυκήσεων
1248 4500 1318 4552 Aah
1342 4500 1473 4570 μυκησίων
1490 4500 1512 4551 Ιλ
1618 4498 1649 4551 σθ

290 4592 417 4639 ποιοῦνται
436 4586 504 4655 ὤραν
525 4586 592 4637 ,λυλε
617 4584 771 4636 εύτοιοῦνται
789 4583 858 4653 ὥραν
877 4586 898 4636 l.)
1038 4586 1068 4637 15
1091 4586 1118 4637 τὲ
1136 4587 1180 4637 καὶ
1198 4587 1220 4637 Ιλ
1240 4588 1310 4639 Λαλι
1333 4586 1420 4641 δὲκαὶ
1439 4588 1553 4641 Πετιλλίου

291 4674 405 4737 κύκνων,
429 4674 497 4740 quod
521 4677 581 4723 rest.
602 4672 706 4731 Reiske,
730 4672 762 4723 l›:
790 4678 872 4724 κυνῶν
893 4673 948 4724 ,λυλ
1098 4674 1127 4722 λθ
1151 4674 1174 4724 τὶ
1194 4674 1214 4725 λλ
1359 4675 1516 4745 βραχύτατον
1537 4676 1651 4729 Ηυτιλνυι·

293 4764 325 4813 18
345 4758 374 4812 Ἠ
395 4760 537 4827 0111.culpa
556 4760 722 4811 rubricatoris
742 4761 762 4811 D
891 4760 1022 4832 ἅνθρωπος
1042 4761 1110 4812 λιλε
1134 4758 1269 4828 ἀνθρώπου
1289 4761 1309 4811 Ιλ
1427 4762 1462 4814 ‘2¹2
1485 4764 1560 4816 τοῦτό
1578 4762 1650 4817 Aahx

291 4847 355 4919 αῦτη
377 4848 397 4898 1)
527 4846 553 4898 δὲ
572 4848 607 4898 ἐῶ
629 4848 683 4899 λυλ
