3510 5610
244 275 294 313 rrrr
819 265 1015 319 PRAEFATIO

326 432 394 520 (19)
438 435 656 520 κουλεύπτερα
679 436 711 499 δὲ
733 440 870 501 καλεῖται.
909 437 972 502 ὅτε
994 439 1138 523 κάνθαρος
1161 441 1207 502 κοιλ
1230 441 1248 523 ἡ
1273 440 1457 525 μηλολύνδη·
1493 443 1541 505 καὶ
1565 441 1602 504 εἴ

245 576 276 616 τι
297 553 394 619 ἄλλοι
419 554 423 639 Ι

193 692 227 739 50
331 672 399 759 (20)
443 677 584 739 πτιλωτδν
607 676 639 739 δὲ
661 675 891 759 κατωνόμασται,
918 676 1050 760 μέλιττα·
1081 678 1170 763 σφηξ·
1193 677 1296 748 τέττιξ·
1320 679 1368 742 καὶ
1390 679 1423 742 τδ
1445 682 1503 742 τῶν
1518 680 1595 764 ἀκρί-

244 793 301 854 δων
324 795 372 856 καὶ
395 800 512 876 μυιῶν
535 795 583 859 καὶ
598 795 759 879 ἀττελέβων
775 795 871 878 γένος·
899 800 989 859 ταῦτα
1004 797 1036 859 δὲ
1058 798 1106 860 καὶ
1123 800 1163 865 ὡς
1177 796 1284 879 ἄναιμα
1301 797 1490 881 συμβέψβηκεν
1510 797 1595 861 εἶναι

330 911 398 998 (21)
442 914 575 999 πτερωτὰ
597 916 638 977 δὲ.
676 916 859 999 ἀλεκτρυών·
883 914 983 984 ἀετύς·
1007 917 1054 978 καλ
1077 915 1168 979 τᾶλλα
1190 921 1260 979 τοῖσι
1282 915 1493 999 ηινωσκύμεναε

330 1030 398 1115 (⁸2⁸2)
442 1037 624 1118 γαμψώνυχα
655 1035 687 1096 δὲ
717 1033 828 1119 εῖρηται
859 1037 913 1099 ὅσα
941 1042 997 1098 τῶν
1029 1040 1184 1118 πτερωτῶν
1213 1035 1264 1117 τὴν
1294 1034 1463 1121 ἐπιρυηχύδα
1487 1036 1490 1120 ψ
1515 1034 1594 1120 ἔχει·

242 1154 426 1237 γαμψώνυχα
448 1153 495 1215 δὲ·
519 1153 579 1222 οἷος
602 1153 678 1217 ἐστὶν
701 1154 717 1216 δ
740 1155 824 1223 ἀετὸς
847 1157 862 1218 ύ
886 1153 963 1238 ἱέραξ
986 1154 1033 1216 κοιὶ
1056 1153 1092 1215 τὰ
1114 1152 1229 1236 ὅμοιαι·
1249 1154 1272 1236 ¹)

327 1409 400 1476 Iure
415 1431 473 1476 suo
486 1411 608 1476 Roseus
624 1409 814 1493 quibusdam
831 1410 903 1474 libri
919 1410 1010 1493 primi
1027 1408 1105 1474 loeis
1120 1408 1220 1474 fretus
1236 1408 1477 1494 [p.e,3.r,4,10.
1493 1413 1595 1495 11,14.

245 1528 328 1611 ite.
351 1528 470 1614 33‚5‚t]
494 1537 592 1594 totam
614 1531 843 1610 Excerptorum
866 1530 1024 1612 syllogam
1047 1536 1197 1611 quattuor
1218 1531 1379 1611 quondam
1405 1530 1493 1595 libris
1515 1549 1598 1595 oom-

242 1647 381 1731 positam
404 1648 502 1714 fuisse
525 1651 719 1732 conlegerat.
758 1647 842 1712 idem
865 1654 983 1729 tamen,
1007 1647 1082 1729 quid
1103 1647 1219 1729 singuli
1243 1648 1407 1732 habereut,
1436 1649 1490 1714 vix
1513 1655 1598 1714 reete

242 1766 409 1833 divinavit.
444 1768 670 1834 eonferendum
699 1766 771 1831 libri
796 1766 928 1831 secundi
955 1766 1079 1830 initium
1108 1764 1551 1850 p.36,6—14:“’Eeeotv
1579 1769 1597 1831 ἃ

244 1889 295 1972 μὲν
310 1894 368 1953 τῶν
384 1886 470 1973 ζῳων
483 1890 632 1970 ζῳοτοκεῖ,
649 1887 668 1949 ἃ
683 1887 715 1950 δὲ
730 1885 865 1972 ᾠοτοκεῖ,
883 1887 902 1948 ἃ
918 1887 949 1949 δὲ
965 1890 1189 1970 σκωληκοτοκεῖ,
1201 1889 1374 1972 πειράσομαι
1390 1888 1442 1971 μὲν
1457 1887 1487 1950 ἐν
1503 1888 1596 1972 τούτιρ

241 2009 306 2092 περὶ
320 2007 415 2092 μύνων
430 2012 486 2069 τῶν
499 2004 720 2090 ζῳοτοκούντων
732 2007 780 2068 τδν
793 2004 876 2087 λύγον
889 2007 1077 2090 ποιησασδαι,
1089 2007 1247 2090 ἀρξάμενος
1260 2007 1317 2069 ἀπὸ
1331 2013 1388 2070 τῶν
1401 2009 1597 2092 τολυσχιδῶν,

242 2128 392 2213 ἐχομένως
407 2127 439 2190 δὲ
461 2127 526 2209 περὶ
542 2130 599 2187 τῶν
622 2126 762 2209 διχηλῶν,
785 2123 847 2187 εἶτα
863 2125 928 2208 περὶ
949 2130 1007 2187 τῶν
1024 2126 1177 2210 μωνύχων,
1201 2126 1249 2188 ἐπὶ
1264 2130 1335 2189 πᾶσι
1358 2126 1390 2188 δὲ
1405 2128 1532 2210 δηλώσω
1548 2129 1595 2190 καὶ

241 2249 307 2331 περὶ
323 2252 380 2309 τῶν
393 2246 572 2329 σελαχωδῶν
584 2242 747 2326 λεγομένων
760 2244 882 2328 ἰχθύων,
898 2244 997 2328 ἐπειδὴ
1009 2246 1057 2307 καὶ
1069 2244 1151 2307 αὐτοὶ
1163 2247 1278 2306 δοκοῦσι
1292 2248 1456 2328 ζῳοτοκεῖν,
1470 2245 1529 2309 ἀλλ’
1545 2246 1597 2309 οὐκ

241 2364 390 2451 ᾠοτοκεῖν.
416 2365 446 2428 ἐν
463 2365 494 2427 δὲ
511 2367 571 2432 ταῖς
586 2363 740 2448 ἐχομέναις
755 2363 845 2446 ταύτη
863 2365 926 2427 δυσὶ
941 2364 1089 2433 συντάξεσι
1106 2366 1169 2448 περὶ
1185 2370 1242 2425 τῶν
1255 2360 1461 2449 ῳοτοκούντων
1476 2365 1597 2447 ὁμοιοει-

241 2488 301 2555 δῶς
311 2491 421 2554 τούτοις
432 2486 480 2548 τδν
493 2484 576 2567 λύγον
589 2484 758 2566 ποιήσομαι,
770 2485 821 2566 τὴν
834 2485 929 2569 ἀρχὴν
941 2485 1039 2569 λαβὼν
1054 2485 1112 2546 ἀπὸ
1125 2491 1182 2546 τῶν
1194 2484 1330 2566 ἐνύδρων,
1343 2483 1418 2546 τὸδὲ
1434 2482 1526 2567 [περὶ]
1539 2489 1596 2545 τῶν

241 2603 538 2688 σκωληκοτοκούντων
550 2601 626 2670 εἶδος
639 2605 679 2670 ὡς
691 2602 793 2663 λεπτὸν
808 2603 855 2665 καὶ
867 2603 990 2672 ἀσθενὲς
1003 2604 1049 2665 κοιὶ
1062 2601 1115 2665 οὐκ
1125 2602 1200 2672 ἄξιον
1214 2604 1338 2687 ἱστορίας
1350 2601 1591 2686 ταραιτησομοιι.”

326 2723 484 2789 Dissentit
505 2721 602 2805 igitur
624 2720 727 2784 codex
749 2739 770 2783 a
792 2719 888 2784 Rosei
912 2720 1047 2785 ratione:

503 2839 629 2894 rra-3:
1201 2843 1332 2895 Roseus:

241 2931 286 2984 lib.
301 2931 323 2984 ΙΙ
342 2932 397 3002 περὶ
411 2929 495 2998 μόνων
504 2934 556 2980 τῶν
568 2923 770 2996 ζῳοτωιούντων,
784 2925 825 2977 ἐπὶ
834 2931 893 2977 πᾶσι
946 2928 989 2979 lib.
1007 2927 1030 2978 ΙΙ
1049 2929 1104 2998 περὶ
1122 2934 1173 2979 τῶν
1192 2927 1393 2997 ζῳοτοκούντων.

380 3017 406 3070 δὲ
424 3016 541 3083 καὶπερὶ
559 3020 611 3067 τῶν
631 3011 790 3085 σελαχωδῶν.

294 3105 328 3158 lii
348 3107 402 3175 περὶ
416 3111 468 3157 τῶν
481 3100 662 3174 ῳοτοκούντων
675 3100 719 3151 τὸν
734 3098 807 3169 λόγον
822 3102 892 3168 τοιή-
997 3100 1030 3152 ΙΙΙ
1050 3103 1105 3171 περὶ
1114 3107 1166 3152 τῶν
1177 3098 1357 3170 ηἰυτοκούντων
1367 3103 1468 3152 πάντων
1478 3101 1595 3167 prule

294 3194 328 3247 lv
348 3209 430 3263 σομαι,
448 3192 494 3261 τὴν
508 3190 588 3261 ἀρχὴν
602 3187 687 3257 λαβὼν
702 3186 749 3239 ἀπὸ
768 3194 819 3239 τῶν
838 3187 891 3239 ἐνύ-
1083 3188 1115 3240 do
1129 3191 1221 3241 usibus
1233 3194 1334 3240 tanturn
1351 3187 1383 3239 cf.
1400 3204 1424 3255 p.
1435 3188 1490 3250 ἳῌ
1501 3188 1521 3238 l.

380 3279 393 3332 δ
410 3299 454 3332 ων.

396 3298 409 3351 ρ
995 3361 1031 3413 111
1050 3361 1108 3428 (pro
1123 3362 1169 3426 IV)
1188 3361 1219 3413 de
1239 3362 1356 3429 piscibus
1377 3376 1403 3428 p.
1417 3360 1489 3423 iti.

996 3448 1028 3499 iV
1048 3449 1105 3515 (pro
1118 3448 1165 3513 ΙΙΙ)
1185 3449 1216 3501 ric
1235 3451 1327 3501 avibus
1347 3464 1371 3516 p.
1386 3447 1458 3510 ‘20‚4.

325 3553 459 3653 Ridetur
473 3585 569 3667 igitur
584 3584 706 3649 Roseus
729 3586 810 3649 duos
831 3585 901 3649 libri
927 3585 1018 3669 primi
1042 3587 1129 3652 iocos
1151 3588 1192 3652 de
1215 3586 1299 3653 tertii
1322 3585 1489 3669 quartique
1504 3603 1595 3667 argu

241 3713 349 3771 mento
372 3705 455 3769 inter
477 3724 512 3769 se
534 3702 770 3785 quodammodo
795 3705 980 3769 discordare
1003 3707 1176 3771 censuisse.
1221 3726 1295 3769 uam
1319 3712 1490 3787 excerptor
1512 3710 1596 3786 post·

241 3844 335 3907 quam
352 3845 382 3907 p.
397 3825 448 3907 7,4
470 3823 563 3888 tertio
586 3823 667 3887 libro
684 3822 724 3887 de
739 3823 779 3886 iic
795 3823 918 3907 avibus,
941 3825 981 3888 cle
1004 3823 1118 3906 quibus
1134 3845 1163 3908 p.
1178 3825 1237 3908 e‚3
1254 3824 1295 3887 ari
1311 3833 1457 3905 quartum
1481 3822 1595 3888 libruur

240 3945 381 4026 relegat,
414 3962 448 4006 se
471 3942 660 4024 scripturum
684 3962 756 4007 esse
779 3943 936 4024 promisit:
975 3964 1005 4027 p.
1024 3944 1097 4023 ‘1310
1119 3943 1232 4008 eodem
1263 3944 1318 4007 iilo
1342 3944 1421 4007 libro
1450 3945 1594 4026 περὶτῶν

240 4059 445 4149 ῳυτωιοὺντων
462 4062 576 4123 πάντων
592 4080 627 4126 se
643 4079 740 4142 agere
757 4063 840 4126 velle
863 4062 949 4126 dicit.
983 4062 1142 4127 consentit
1157 4082 1187 4145 p.
1202 4063 1287 4145 11,4,
1312 4061 1363 4125 ubi
1380 4061 1485 4144 pisces
1500 4061 1593 4126 tertio

240 4181 321 4246 libro
344 4179 502 4246 reservari
525 4176 688 4262 professus
711 4189 769 4244 est.
814 4178 924 4243 turbas
940 4178 1036 4261 igitur
1051 4178 1192 4245 efficiunt
1208 4179 1271 4243 duo
1287 4180 1337 4245 isti
1356 4180 1414 4244 loci
1439 4201 1469 4263 p.
1489 4181 1541 4264 tp
1562 4186 1595 4245 et

242 4301 324 4383 7,]0.
369 4319 452 4381 (puae
474 4320 538 4364 nou
561 4300 663 4363 itaut
686 4299 807 4362 numeri
831 4300 1013 4382 corruptela
1029 4306 1197 4382 statuatur,
1220 4299 1442 4382 expediendae
1464 4307 1538 4364 suut
1553 4337 1593 4346 —

240 4419 444 4501 nequeenim
461 4439 516 4482 our
538 4419 607 4482 solo
623 4418 717 4483 tertio
740 4417 819 4483 libro
836 4415 1022 4503 ῳοτυκοῡντα
1037 4426 1250 4483 tractarentur
1270 4419 1349 4482 satis
1363 4429 1537 4503 appareret
1552 4458 1593 4466 —

313 4608 331 4674 ¹)
356 4608 455 4660 Similis
474 4607 519 4658 sed
538 4607 637 4659 brevior
657 4611 697 4659 est
714 4607 846 4675 excerptio
864 4607 943 4660 Athoi
962 4623 994 4659 ex
1013 4608 1084 4660 ivero
1104 4608 1228 4659 coenobio
1246 4608 1342 4659 codicis
1354 4608 1405 4660 388
1425 4608 1593 4671 s.xv1‚uoi

239 4697 307 4748 inter
324 4696 376 4747 ulia
394 4694 508 4747 miscella
531 4694 774 4762 exceperitis
796 4691 908 4767 Σαλάχια
931 4695 989 4747 εἰσὶν
1012 4691 1057 4747 ὅσα
1079 4693 1180 4752 ieritis:
1203 4694 1250 4746 οὒκ
1269 4693 1329 4766 ἔχει,
1354 4692 1474 4764 σμύραινα
1493 4695 1592 4766 τρυγών

240 4784 297 4853 βοῦς
317 4784 359 4834 καὶ
377 4782 407 4833 τὰ
421 4780 518 4833 τούτων
532 4781 646 4850 κητώδη,
665 4781 748 4852 δελφίς
767 4781 875 4853 φάλαινα
888 4782 964 4853 φώκη
979 4783 994 4834 ἃ
1014 4783 1137 4852 ζῳοτοκεῖ
1147 4780 1202 4834 κτλ.
1222 4783 1320 4850 excipit
1334 4782 1494 4854 γαμψώνυχα
1507 4781 1533 4834 δὲ
1546 4779 1592 4833 ὅσα

238 4876 290 4922 τῶν
310 4875 447 4941 πτερωτῶν
461 4869 506 4938 τὴν
520 4868 664 4940 ἐτιρυηχῖδα
677 4869 737 4935 (siu)
750 4868 952 4941 ηεηαμψωρένην
972 4870 1019 4923 ὕπὸ
1037 4871 1083 4938 τὴν
1102 4870 1173 4939 ptiar
1192 4869 1243 4939 ἔχει
1263 4868 1298 4928 ῶς
1315 4871 1379 4921 ἐστιν
1397 4870 1467 4926 ἀετός
1487 4869 1561 4938 ἱέραξ.
