3510 5610
359 314 609 369 ARISTOPIIANIS
626 314 810 369 HISTORIAE
831 314 1022 367 mmmmm
1041 313 1186 367 ΕΡΙΤΟΜΕ
1205 312 1397 367 11483-490
1498 313 1559 377 1⁶27

256 486 351 569 (483)
377 484 439 551 ἔστι
464 488 497 551 δέ
521 487 555 549 τό
576 488 651 571 αἷμα
671 491 725 570 τῆς
746 486 857 571 ἐλάφου
879 485 1022 570 άπηκτον·
1057 484 1091 548 ού
1113 485 1167 569 γὰρ
1190 483 1253 570 ἔχει
1273 484 1349 559 ίνας,
1372 485 1417 548 ὀιό
1439 482 1508 547 οόὀὲ

254 590 407 673 πήσσεται.
512 588 607 673 (484)
635 586 756 674 άρχεται
784 589 816 651 δὲ
844 589 959 673 ὀχεύειν
986 590 1035 651 καὶ
1063 589 1222 673 ὀχεύεσθαι
1248 592 1268 671 ἡ
1296 589 1403 673 θήλεια
1432 586 1506 669 άλλη

254 692 353 762 άλλως
373 693 446 777 πρὸς
466 691 534 762 τούς
556 690 661 759 τόπους
683 690 713 753 ἐν
736 690 778 759 οίς
800 692 849 755 καὶ
871 692 938 776 βιοῖ.
1039 691 1132 774 (485)
1162 689 1223 755 ἔστι
1245 692 1277 756 δὲ
1299 690 1370 773 ἄγαν
1392 690 1508 774 ἀφροδι-

256 797 403 859 σιαστικόν
425 799 510 859 τοῦτο
531 797 565 859 τό
588 796 675 878 ζῴον.
771 793 865 875 (486)
894 794 984 874 βαίνει
1006 794 1038 856 ὀὲ
1061 794 1076 856 ό
1099 793 1189 878 άρρην
1214 791 1432 877 ύποφευγούσης
1456 797 1507 875 τῆς

225 896 387 979 οθηλείας·
426 900 460 963 οό
489 901 543 986 γὰρ
573 898 710 981 ὑπομένει
739 895 829 960 αότού
857 897 909 979 τὴν
940 897 1086 959 συντονίαν
1114 902 1164 959 τοῦ
1195 896 1320 958 αέὀοίου·
1359 895 1436 957 ὥστε
1466 896 1506 977 μὴ

254 1002 388 1085 ἑστώσης
407 1003 533 1067 ἐνίεσθαι
547 1004 580 1066 τὸ
597 1002 722 1086 σπέρμα,
737 997 796 1062 ἀλλ’
815 998 1040 1083 ὑποτρεχούσης.
1126 999 1220 1081 (481)
1241 998 1302 1060 κύει
1317 997 1349 1059 δὲ
1363 998 1383 1079 ἡ
1399 994 1507 1081 ἔλαφος

256 1108 350 1187 μῆνας
371 1106 460 1176 ὀκτώ,
483 1113 525 1191 τῷ
548 1105 574 1169 δ’
595 1106 689 1188 ἐνάτῳ
712 1102 808 1166 τίκτει.
845 1102 990 1165 κατεσθίει
1013 1102 1095 1164 δὲτὸ
1116 1100 1215 1185 χόριον
1240 1103 1280 1169 ῶς
1302 1100 1350 1161 καί
1373 1100 1399 1161 οἷ
1415 1099 1506 1167 κύνες.

255 1206 344 1270 τίκτει
371 1209 404 1270 δὲ
430 1210 461 1271 ἐν
489 1214 550 1276 ταῖς
574 1208 694 1292 τριβοις·
729 1205 764 1267 τά
790 1205 844 1288 γὰρ
874 1204 961 1287 θηρία
987 1205 1028 1272 είς
1054 1204 1104 1273 τὰς
1132 1204 1217 1272 όόοὶις
1243 1202 1276 1265 ού
1299 1201 1508 1287 προσέρχονται

255 1310 305 1371 ὀιά
325 1309 392 1378 τούς
413 1312 595 1395 ἀνθρώπους.
695 1306 788 1391 (488)
815 1306 927 1389 λέγεται
950 1307 982 1368 ὀὲ
1005 1309 1046 1374 ὡς
1067 1309 1253 1390 παχυνθείσα
1279 1305 1435 1376 ἐκτοπίζει.
1462 1306 1508 1368 ίνα

211 1424 240 1469 ¹⁰
253 1412 296 1495 μὴ
320 1414 487 1497 συλληφθῇ,
510 1416 558 1477 καὶ
574 1413 618 1476 ότι
633 1414 666 1476 τό
681 1412 827 1495 ἀριστερὸν
843 1409 929 1492 κέρας
945 1409 1133 1493 ἀποβαλοῦσα
1148 1407 1317 1489 κατορύσσει
1331 1406 1444 1491 φθύνιρ,
1460 1408 1507 1471 ἵνα

255 1516 297 1597 μὴ
320 1515 442 1599 εὑρεθῇ,
464 1515 678 1599 ἀντιφάρμακον
700 1513 820 1596 (νόσων)
838 1516 921 1574 τινῶν
944 1512 1085 1595 ὑπάρχον.
1123 1515 1214 1574 πᾶσαι
1236 1511 1268 1573 δὲ
1290 1510 1508 1594 ἀποβάλλουσαν

255 1618 292 1681 τά
311 1618 419 1701 κέρατα
433 1618 603 1701 κρύπτονται
623 1617 756 1700 καθάπερ
778 1615 814 1678 τὰ
830 1616 905 1679 όπλα
919 1614 1158 1699 ἀποβεβληκυῖαι.
1266 1611 1359 1694 (489)
1382 1611 1450 1675 όταν
1476 1614 1508 1675 δὲ

255 1719 340 1782 παλιν
362 1718 481 1803 ἄρξηται
507 1720 608 1789 αὐταῖς
634 1720 817 1804 ὑποφύεσθαι
839 1718 875 1780 τὰ
901 1717 1021 1799 κέρατα,
1048 1718 1228 1799 ἡλιάζονται,
1254 1715 1302 1776 ’ίνα
1324 1718 1364 1783 ῶς
1386 1716 1508 1799 τάχιστα

257 1820 426 1905 ξηραίνωσιν
448 1822 532 1885 αὐτά.
570 1822 627 1906 ἤδη
650 1822 683 1885 δέ
697 1844 776 1897 ποτε,
799 1819 894 1906 φασίν,
916 1820 1009 1904 ἐφάνη
1032 1817 1140 1903 ἔλαφος
1162 1820 1209 1881 καὶ
1225 1818 1318 1879 κιττὸν
1340 1816 1507 1901 φυόμενον)

212 1940 240 1985 ιε
254 1920 366 2009 ἔχουσα
392 1926 441 1988 ἐπὶ
467 1930 525 1988 τῶν
551 1929 689 2009 κεράτων.
797 1923 891 2006 (490)
922 1922 1086 1985 ἁλίσκονται
1112 1922 1144 1984 δὲ
1171 1920 1279 2005 σύριγγι
1303 1921 1352 1983 καὶ
1377 1919 1476 2003 αὐλῷ·
1489 1937 1561 1983 τοῖσι

201 2155 215 2207 1
236 2153 289 2207 ἐστι
306 2152 345 2223 ὀέ]
366 2156 445 2207 Arist.
458 2155 518 2207 hist.
531 2156 610 2207 anim.
624 2151 643 2206 Γ
656 2154 687 2206 19
708 2170 733 2221 p.
747 2152 856 2204 520b23
881 2151 944 2212 ἐξιὸν
962 2151 988 2204 δέ
1010 2150 1048 2215 (τό
1069 2149 1139 2218 αίμα)
1161 2150 1211 2210 ἐξω
1233 2149 1353 2218 πήγνυται
1374 2152 1475 2205 πάντιυν
1496 2154 1561 2225 πλὴν

198 2240 295 2309 ἐλάφου
313 2240 357 2293 καί
375 2239 467 2309 πρσκός
485 2242 528 2293 καὶ
546 2240 570 2294 εί
584 2259 608 2292 τι
626 2240 687 2292 ἀλλο
705 2240 821 2309 τοιαύτην
839 2240 892 2310 ἔχει
907 2241 953 2309 τὴν
973 2239 1056 2308 φύσιν·
1078 2238 1107 2291 τὸ
1126 2236 1145 2289 θ’
1157 2236 1218 2289 ἄλλο
1237 2237 1298 2305 αἷμα
1316 2238 1445 2306 πήγνυται,
1463 2242 1506 2293 ἐὰν
1524 2244 1560 2312 μὴ

198 2324 361 2399 ἐξαιρεθῶσιν
379 2328 405 2380 αί
419 2316 477 2387 Ιἶνις.
508 2329 542 2380 cf.
560 2330 639 2383 Arist.
652 2330 755 2381 Meteon
767 2324 814 2379 Δί
834 2326 979 2395 ρ.381ν“.)5
1002 2330 1045 2378 καί
1063 2326 1092 2378 τὸ
1111 2325 1171 2393 αίμα
1191 2324 1296 2394 ὁμοίως·
1321 2328 1441 2395 πήγνυται
1459 2330 1505 2397 γὰρ
1522 2332 1561 2399 τῷ

199 2414 359 2487 ξηραίνεσθαι
377 2416 527 2485 ψυχόμενον.
562 2414 609 2470 όαα
626 2416 652 2468 ὀέ
671 2416 707 2484 μὴ
726 2416 855 2483 πήγνυται,
873 2414 923 2467 οίσν
941 2414 970 2466 τὸ
988 2419 1034 2483 τῆς
1053 2413 1159 2482 ἐλάφου,
1181 2414 1333 2466 τὰτοιαῦτα
1351 2412 1440 2472 ύόατος
1459 2414 1561 2483 μᾶλλον,

199 2504 246 2555 καὶ
268 2502 415 2571 ψυχρότατα
438 2508 528 2555 ταῦτα·
553 2504 590 2556 ὀιὸ
613 2504 656 2555 καὶ
678 2502 726 2555 υύκ
749 2502 802 2573 ἔχει
825 2503 888 2560 ἐνας·
913 2502 938 2554 αἱ
960 2502 1006 2570 γάρ
1026 2500 1077 2560 ίνές
1098 2501 1142 2552 είσι
1164 2505 1209 2569 γῆς
1232 2502 1275 2553 καί
1297 2502 1406 2571 στερεόν·
1431 2500 1496 2555 ὥστε
1517 2505 1561 2556 καί

199 2588 375 2661 ἐξαιρεθεισῶν
393 2588 423 2641 ού
441 2590 562 2659 πήγνυται
703 2590 719 2642 3
741 2589 804 2659 ἐστι]
825 2591 904 2642 Arist.
921 2590 938 2640 1.
952 2606 974 2641 ιτ.
987 2586 1010 2641 Ζ
1023 2588 1056 2639 ’29
1078 2606 1103 2656 ρ.
1117 2587 1226 2641 :378b32
1250 2589 1404 2657 ἐκκρίνονται
1423 2591 1445 2641 σί
1464 2591 1560 2661 οίρρενες

198 2674 260 2730 καθ’
275 2676 391 2739 ἐαυτούς,
414 2678 457 2728 καί
479 2676 519 2730 ὀιά
541 2677 587 2747 τὴν
609 2676 690 2746 ὀρμὴν
712 2678 758 2747 τὴν
781 2684 832 2730 τῶν
854 2676 1004 2747 ἀφροδισίων
1027 2675 1130 2734 ἕκαστος
1153 2674 1303 2743 μονούμενος
1327 2674 1432 2747 βόθρους
1454 2676 1559 2747 ὀρύττει.

198 2764 234 2818 τί.
250 2766 333 2819 Arist.
345 2765 363 2816 1.
373 2781 396 2817 ε.
406 2762 429 2817 Z
438 2763 471 2815 29
490 2781 516 2832 p.
526 2764 616 2817 579a4
635 2770 713 2817 ταῦτα
726 2764 751 2818 δὲ
765 2770 829 2817 ποιεῖ
843 2764 871 2817 τὸ
886 2765 950 2833 ζῷον
963 2763 1002 2815 διὰ
1018 2763 1048 2816 τὸ
1061 2762 1132 2832 φύσει
1147 2762 1235 2831 λοίγνον
1248 2762 1316 2815 εἶναι.
1341 2763 1373 2815 cf.
1391 2764 1531 2833 l'hysiogn.
1543 2767 1558 2818 6

197 2868 226 2921 p.
239 2852 333 2905 81le
464 2852 480 2903 4
503 2851 590 2920 βαίνει]
611 2854 689 2904 Arist.
708 2853 724 2902 1.
738 2872 759 2903 ν.
774 2849 824 2905 112
846 2869 871 2920 ρ.
883 2852 972 2904 540οέ
997 2858 1049 2904 τῶν
1067 2851 1093 2903 δέ
1111 2851 1247 2920 ζῳοτόκων
1265 2851 1308 2903 καί
1326 2849 1430 2920 μέγεθος
1449 2853 1559 2923 ἐχόντων

197 2936 260 2991 ούτε
277 2939 336 2997 τούς
353 2938 456 3009 α’ρρενας
475 2936 581 3007 ἐλάφους
599 2940 624 2991 αί
642 2940 739 3008 θήλειαι
757 2939 932 3007 ύπομένουσιν,
950 2939 970 2990 εί
988 2938 1024 3007 μὴ
1044 2937 1167 3006 ὀλιγάκις,
1189 2936 1246 2990 ούτε
1264 2939 1321 2996 τοὺς
1339 2937 1443 3008 ταύρους
1461 2941 1486 2992 α1
1505 2940 1559 3009 βόες

196 3026 241 3079 ὀεά
257 3026 306 3095 τήν
323 3030 367 3077 τού
380 3010 472 3078 αίόοίου
491 3026 623 3085 συντονίαν,
642 3024 694 3078 ἀλλ’
708 3026 833 3095 ύπάγοντα
850 3028 881 3079 τὰ
900 3025 978 3093 θήλεα
994 3025 1108 3095 ὀίχονται
1125 3026 1171 3095 τήν
1185 3027 1269 3095 γονήν.
1293 3026 1325 3079 σί.
1342 3028 1420 3079 Arist.
1433 3028 1450 3079 1.
1460 3026 1558 3081 εΖθθ

196 3112 333 3183 p.5‘181»ss
354 3114 370 3182 ί,
389 3110 408 3165 δ’
425 3112 515 3181 ἔλαφος
533 3114 580 3181 τὴν
598 3114 643 3180 μὲν
662 3113 746 3183 ὀχείαν
764 3120 882 3173 ποιεῖται,
901 3112 1014 3183 καθάπερ
1037 3113 1129 3183 ἐλέχθη
1149 3113 1280 3185 πρότερον,
1301 3113 1451 3167 τὰπλεῖστα
1470 3116 1515 3183 μὲν
1533 3115 1559 3177 ἐξ

196 3200 339 3271 ύπαγωγῆς
356 3200 395 3263 (ού
414 3202 459 3271 γάρ
470 3200 587 3267 ύπομένει
604 3200 620 3272 ἡ
639 3200 728 3270 θήλεια
747 3202 789 3253 τὸν
802 3203 892 3272 ἄρρενα
910 3201 1030 3259 πολλάκις
1048 3201 1088 3253 ὀιά
1099 3201 1146 3269 τὴν
1164 3202 1309 3265 συντονίαν),
1327 3200 1356 3252 ού
1369 3202 1419 3271 μὴν
1438 3201 1559 3255 ἀλλὰκαὶ

195 3288 369 3357 ύπσμίνουσαι
388 3288 463 3339 ἐνίοτε
482 3286 621 3356 ὀχεύονται,
638 3288 752 3360 καθάπερ
771 3290 802 3341 τά
821 3290 947 3360 πρόβατα·
972 3290 1014 3340 καὶ
1033 3286 1092 3343 όταν
1111 3288 1211 3358 ὀργῶσι,
1229 3290 1432 3360 παρεκκλίνουσιν
1450 3289 1559 3359 ἀλλήλας

195 3376 214 3429 6
237 3374 307 3444 κύει]
326 3375 406 3427 Arist.
422 3375 440 3426 1.
454 3373 558 3427 esa-29
580 3392 605 3443 p.
618 3376 726 3428 5781113
750 3375 805 3429 κύει
822 3374 841 3429 δ’
858 3375 928 3428 ὀκτὼ
947 3382 1027 3447 μῆνας
1164 3378 1179 3428 ’ί
1201 3376 1336 3446 κατεσθίει]
1358 3378 1437 3429 Arist.
1454 3377 1506 3429 λυ.
1520 3374 1559 3429 15

194 3460 348 3533 p.611·15
371 3468 423 3514 τῶν
444 3460 465 3514 θ’
480 3462 571 3531 ἀγρίων
593 3463 635 3514 καὶ
657 3463 816 3533 τετραπόδων
835 3465 850 3533 ἠ
872 3464 963 3533 ἔλαφος
985 3463 1032 3535 ούχ
1054 3464 1144 3535 ήκιστα
1166 3464 1235 3517 δοκεῖ
1256 3466 1316 3518 εἶναι
1337 3464 1455 3534 φρόνιμον
1476 3472 1513 3533 τῷ
1532 3484 1559 3517 τε

194 3552 294 3604 τίκτειν
310 3550 378 3619 παρὰ
395 3550 439 3607 τὰς
458 3548 528 3607 ὁόούς
550 3552 592 3613 (τά
612 3552 658 3619 γάρ
680 3551 755 3620 θηρία
776 3551 815 3603 ὀιά
836 3552 894 3610 τούς
915 3551 1064 3620 ἀνθρώπους
1084 3551 1114 3603 ού
1137 3554 1321 3623 προσέρχεται),
1343 3554 1386 3604 καὶ
1407 3549 1466 3605 όταν
1487 3554 1559 3621 τέκη,

195 3634 279 3691 ἐσθίει
295 3636 325 3689 τὸ
342 3637 426 3706 χόριον
444 3640 479 3701 (ν.
496 3638 512 3688 Ι.
528 3638 622 3708 χωρίον
639 3638 660 3689 1)
667 3640 689 3701 ⁸)
709 3645 808 3707 πρῶτον
926 3638 941 3691 9
964 3638 1071 3707 λέγεται]
1093 3642 1171 3692 Arist.
1188 3641 1205 3692 1.
1218 3657 1240 3693 c.
1255 3638 1292 3692 15
1311 3657 1336 3707 ρ.
1348 3639 1455 3690 611222
1479 3640 1515 3691 ἔτι
1533 3638 1559 3692 δὲ

194 3724 211 3778 ὀ
234 3724 317 3796 άρρην
339 3722 398 3777 όταν
420 3725 521 3793 γίνηται
543 3726 624 3794 παχύς
648 3726 748 3793 (γίνεται
771 3726 796 3778 ὀὲ
820 3726 913 3796 σφόδρα
936 3728 1000 3778 πίιυν
1022 3726 1124 3795 ὀπώρας
1145 3725 1241 3797 ούσης),
1268 3727 1378 3795 ούόαμού
1400 3733 1465 3778 ποιεῖ
1483 3725 1559 3777 αύτόν

194 3812 315 3883 φανερόν,
332 3810 385 3864 ἀλλ’
401 3812 524 3871 ἐκτοπίζει
543 3812 578 3870 ώς
596 3812 636 3864 διὰ
654 3813 700 3882 τὴν
718 3814 852 3885 παχύτητα
870 3814 995 3871 εύάλωτος
1014 3814 1050 3866 ών
1175 3815 1205 3868 10
1228 3816 1354 3885 ἀριστερὸν
1373 3812 1459 3882 κέρας]
1480 3815 1559 3865 Arist.

194 3900 215 3953 1.
229 3916 253 3951 υ.
268 3894 308 3951 15
327 3915 352 3966 p.
364 3898 472 3951 611125
493 3899 660 3969 ἀποβάλλουσι
678 3900 703 3951 ὀὲ
723 3904 765 3953 καὶ
783 3902 814 3953 τά
833 3904 926 3973 κέρατα
945 3903 970 3953 ἐν
989 3901 1072 3959 τόποις
1091 3900 1207 3969 χαλεποῖς
1226 3904 1268 3955 καὶ
1287 3902 1477 3969 ὀυσεξευρέτοις·
1502 3900 1559 3953 ὅθεν

194 3986 243 4039 καλ
261 3986 280 4056 ἡ
298 3987 417 4057 παροιμία
435 3989 532 4055 γέγονεν
551 3986 602 4040 ιὀύ
620 3988 645 4039 αἱ
664 3987 751 4056 ἐλαφσι
769 3990 800 4040 τά
819 3990 912 4058 κέρατα
932 3988 1145 4057 ἁποβάλλουσιν.’“
1163 3987 1246 4059 ὥσπερ
1266 3990 1311 4058 γὰρ
1329 3989 1361 4041 τά
1382 3986 1447 4041 ὅπλα
1469 3988 1558 4057 α’ποβε·

195 4072 319 4145 βληκυίαι
340 4073 505 4143 φυλάττονται
528 4074 640 4144 ὁρᾶσθαι.
677 4074 773 4143 λέγεται
794 4074 815 4127 θ’
833 4075 869 4133 ὡς
890 4076 918 4128 τὸ
939 4075 1064 4146 ἀριστερὸν
1085 4077 1160 4145 κέρας
1182 4076 1260 4135 ούόιίς
1282 4095 1322 4127 πω
1345 4076 1469 4145 ἑώρακεν·
1498 4077 1558 4128 ἀπο-

194 4158 319 4231 κρύπτειν
334 4161 380 4229 γάρ
397 4160 460 4214 αύτύ
476 4160 512 4219 ῶς
528 4162 586 4232 ἕχον
602 4163 657 4214 τινὰ
673 4164 830 4233 φαρμακείαν
932 4164 963 4215 12
981 4160 1041 4217 όταν
1057 4163 1083 4215 ὀὲ
1101 4163 1185 4232 πάλιν]
1205 4165 1284 4216 Arist.
1299 4163 1315 4214 1.
1326 4180 1347 4216 c.
1360 4162 1395 4216 15
1413 4182 1439 4232 ρ.
1449 4162 1558 4215 6111114

194 4244 259 4303 ὅταν
275 4245 295 4300 θ’
307 4244 459 4317 αὐξηθῶσιν,
476 4247 626 4325 ήλιάζονται,
643 4249 672 4300 ἵν’
685 4251 815 4319 ἐκπέψωσι
827 4253 870 4303 καί
883 4250 1007 4322 ξηράνωσι
1019 4252 1048 4304 τὸ
1061 4252 1136 4321 κέρας
1242 4252 1273 4303 14
1289 4251 1338 4321 ἧόη
1352 4250 1378 4303 ὀέ
1392 4250 1464 4319 ποτε]
1478 4252 1558 4304 Arist.

195 4336 215 4389 1.
225 4352 250 4389 c.
261 4332 299 4387 15
316 4334 461 4402 μ.6111>1ἰ“
480 4335 528 4405 ἤδη
547 4336 566 4387 δ’
582 4336 695 4406 εἴληπται
714 4339 818 4408 ἀχαΐνης
836 4338 926 4407 ἔλαφος
944 4339 1048 4391 ἐπὶτῶν
1067 4341 1179 4407 κεράτιον
1198 4338 1265 4407 ἔχων
1283 4338 1367 4390 κιττόν
1386 4338 1462 4391 πολύν
1481 4356 1558 4406 πεφυ·

195 4420 265 4475 κότα
277 4420 386 4491 χλωρόν,
403 4420 439 4480 ῶς
451 4422 555 4475 ἁπαλῶν
568 4423 648 4477 όντων
660 4432 712 4477 τῶν
725 4428 837 4494 κεράτων
851 4425 962 4494 ἐμφύντα
975 4426 1058 4499 ὥσπερ
1073 4428 1098 4478 ἐν
1110 4426 1177 4497 ξύλῳ
1195 4425 1298 4496 χλωρῷ.
1327 4426 1359 4479 cf.
1377 4428 1456 4479 Arist.
1467 4427 1557 4477 mirab.

196 4508 300 4563 meh
322 4524 348 4577 p.
361 4508 452 4561 831νε
590 4512 619 4565 15
641 4512 795 4582 ἁλίσκονται]
816 4515 894 4566 Arist.
907 4516 968 4566 hist.
982 4515 1061 4565 anim.
1077 4512 1115 4566 15
1137 4531 1161 4582 ρ.
1175 4514 1283 4566 6111126
1307 4513 1449 4566 ἁλίσκονται
1467 4512 1492 4564 ὀέ
1511 4512 1558 4582 θη-

197 4596 330 4667 ρευόμενοι
351 4596 377 4647 αί
400 4595 487 4665 ίλαφοι
510 4600 674 4668 συριττόντων
699 4602 742 4652 καὶ
766 4598 875 4669 ᾀδόντων
900 4600 967 4669 [lege
991 4600 1134 4653 αύλούντων
1159 4602 1191 4653 εί.
1211 4618 1235 4669 ρ.
1249 4602 1354 4653 ‹3041211
1381 4605 1407 4653 et
1429 4600 1484 4653 ΑεΙ.
1503 4604 1558 4652 nat.

198 4684 281 4737 mim.
293 4684 344 4737 Χ11
359 4684 394 4735 16
412 4687 448 4751 (p.
460 4684 520 4751 316,
528 4685 560 4737 21
581 4688 695 4753 Herch.)]

201 4814 405 4823 na-——-—--
417 4816 469 4823 ---
488 4818 513 4823 —
525 4818 603 4826 ..--.-

203 4886 373 4959 ’ίέννάτφθ
442 4891 576 4961 χωρίονί)
652 4892 679 4943 11
699 4892 780 4945 νόσων
793 4908 843 4945 om.
858 4894 894 4945 D:
909 4892 997 4946 addidi
1073 4894 1103 4945 13
1121 4893 1261 4966 ήλιάζονται
1273 4895 1379 4964 scripsi:
1398 4894 1556 4964 ἠλιάζεταιθ
