3510 5610
734 304 904 359 PRJSGIANI
922 305 1005 359 LYDI

251 481 282 539 et
303 477 471 541 secundam
493 501 509 542 a
534 479 616 542 coitu
643 479 719 542 luna
746 479 874 559 ducens,
908 479 1138 561 et‘aequaliter
1160 501 1178 543 a
1199 478 1372 563 plenilunio
1401 478 1503 542 maior
1521 492 1570 551 511

249 578 334 642 unda
356 581 518 644 extollitur
543 581 639 664 magis
666 603 760 665 quam
788 582 969 667 priusquam
996 588 1174 663 moueretur
1200 582 1232 645 in
1259 602 1342 646 noua
1363 581 1506 665 utrisque

250 681 360 746 intulit
386 703 421 746 ee
448 682 532 766 quod
556 684 694 748 nondum
729 684 855 769 quidem
886 684 1041 749 alienatur
1067 683 1157 767 lenge
1183 684 1216 748 in
1242 704 1392 767 magnum
1417 689 1506 748 mota

249 784 377 849 uirtute.
411 786 479 869 ipsa
501 793 605 851 autem
629 787 661 850 in
677 787 708 850 id
723 788 826 872 ipsum
840 789 934 852 statio
951 787 1067 852 causali
1082 787 1190 851 fortier
1204 786 1237 851 in
1252 787 1504 870 magnitudinem

223 888 350 970 asperis
372 909 472 951 nouae
495 890 663 954 constituta
685 897 746 954 est:
770 891 849 954 hano
870 890 977 974 itaque
999 896 1152 974 quantum
1174 890 1303 954 aduenit
1322 891 1406 954 ueris
1429 912 1501 955 cau·
1515 906 1546 948 0⁰

249 1012 316 1054 sam
344 996 463 1054 ueteres
490 999 522 1055 ot
547 1013 686 1057 accessus
713 1001 746 1057 et
773 1014 910 1057 recessus
936 992 1176 1077 pertransibant.
1226 1014 1320 1076 quare
1346 1014 1420 1057 uero
1447 1014 1504 1077 per

250 1093 385 1174 singulos
407 1093 472 1157 dies
495 1094 673 1159 fluminibus
697 1095 858 1160 ruentibus
880 1094 1159 1159 innumerabilibus
1175 1101 1206 1159 et
1220 1095 1436 1178 magnitudine
1455 1096 1502 1160 in-

249 1197 393 1279 gentibus
415 1197 500 1261 nulle
523 1197 613 1261 medo
637 1220 723 1262 mare
746 1198 877 1263 efficitur
898 1197 983 1282 plus,
1012 1219 1113 1281 neque
1135 1198 1192 1262 hoe
1214 1199 1339 1282 quidem
1362 1198 1503 1262 inconse—
1615 1213 1617 1217 ’

249 1321 346 1382 quens
369 1300 523 1384 ignorasse
545 1301 705 1384 quosdam,
728 1323 791 1366 non
814 1308 918 1366 tamen
941 1301 1067 1365 difficile
1090 1300 1266 1385 inspicienti
1287 1300 1400 1365 uidere.
1435 1302 1504 1386 ipsa

209 1417 236 1462 1⁰
250 1404 332 1468 enim
361 1403 529 1467 multitudo
556 1424 656 1487 aquae
682 1403 714 1467 in
740 1403 939 1468 latitudinem
966 1404 1113 1488 disposita
1139 1407 1170 1466 et
1195 1401 1229 1466 in
1255 1396 1417 1468 ou'mulum
1439 1424 1503 1468 non

248 1506 318 1590 pari
339 1512 477 1589 tempore
499 1506 688 1583 exsiccatur,
722 1505 775 1570 sed
810 1507 911 1571 differt
936 1512 1061 1578 tantum
1087 1505 1132 1568 ita
1158 1513 1195 1569 ut
1220 1506 1275 1570 illa
1297 1505 1424 1589 quidem
1446 1525 1503 1589 per

251 1614 352 1673 totum
375 1609 457 1672 diem
477 1609 633 1689 lunarem,
661 1609 716 1672 illa
742 1630 816 1674 uero
842 1610 877 1673 in
902 1631 987 1673 mare
1013 1609 1142 1673 inmissa
1164 1616 1329 1674 euanescat
1352 1610 1452 1674 ueluti
1473 1610 1544 1675 siaa

250 1712 318 1796 quis
338 1732 431 1795 super
452 1733 592 1776 mensam
612 1733 757 1795 magnam
780 1712 967 1777 distenderet
989 1733 1089 1796 aquae
1111 1698 1272 1795 cyathum:
1300 1712 1392 1776 simul
1416 1713 1502 1777 enim

249 1816 454 1879 sentientibus
477 1821 651 1879 euaneseet.
695 1816 752 1878 hec
773 1821 880 1878 autem
902 1821 933 1878 et
955 1815 1035 1878 eirea
1057 1814 1186 1878 flumina
1209 1814 1335 1878 accidit:
1359 1816 1502 1881 continu·
1520 1826 1589 1890 513·

209 1934 235 1978 ιε
248 1919 324 1982 atim
348 1919 431 1982 enim
452 1917 620 1981 liuentibus
643 1921 674 1980 et
697 1917 880 1982 cumulatim
901 1939 1022 2002 semper
1043 1916 1126 2001 quod
1147 1914 1276 1981 aduenit
1290 1918 1323 1981 in
1337 1918 1500 1984 silentium

249 2030 280 2086 et
305 2021 405 2085 latum
431 2020 533 2084 locum
559 2022 620 2084 cito
647 2020 818 2084 exsiccatur
844 2021 873 2084 ei
903 2020 1040 2085 occulte:
1074 2019 1181 2084 multis
1214 2020 1298 2084 enim
1330 2022 1501 2106 uaporibus

248 2146 371 2188 sursum
394 2124 494 2188 ductis
517 2123 555 2186 de
576 2123 656 2187 mari
678 2129 710 2186 et
732 2122 800 2187 aliis
821 2122 972 2187 sideribus
995 2129 1027 2187 et
1047 2122 1126 2202 sole,
1153 2122 1323 2187 adueniens
1351 2144 1434 2208 aqua
1461 2146 1503 2189 ex

249 2227 429 2291 fluminibus
455 2247 518 2290 nen
545 2232 593 2289 est
618 2225 717 2289 maier
744 2231 925 2308 euaporata;
961 2245 995 2289 eo
1024 2229 1123 2309 magis
1149 2231 1181 2289 et
1206 2226 1338 2290 influens
1364 2226 1501 2291 siccatur

249 2329 449 2394 multitudine
471 2336 502 2393 et
524 2328 712 2392 calidissima
733 2327 851 2392 uirtute
875 2328 1031 2393 salsitatis.
1075 2327 1190 2391 salsum
1213 2327 1297 2390 enim
1324 2348 1390 2392 esse
1413 2345 1527 2392 marea
1630 2332 1635 2340 '

208 2449 235 2493 ao
248 2455 359 2498 causae
385 2432 509 2516 quidem
537 2431 638 2494 diotae
663 2438 736 2494 sunt
763 2431 887 2495 crebrae
920 2430 1108 2495 differenter:
1142 2430 1246 2513 plures
1276 2437 1382 2494 autem
1409 2432 1502 2497 aiunt

249 2535 494 2600 minutissimum
516 2533 642 2617 quidem
664 2534 731 2597 eius
754 2540 786 2597 et
807 2533 1019 2597 dulcissimum
1041 2553 1164 2598 sursum
1179 2533 1250 2596 duci
1264 2553 1320 2616 per
1334 2532 1501 2600 leuitatem
1536 2591 1538 2595 .

251 2661 304 2724 per
325 2638 461 2721 singulos
484 2637 563 2717 dies,
590 2641 621 2700 et
646 2636 717 2700 ferri
740 2635 907 2700 discretum
929 2645 960 2699 et
980 2644 1165 2722 uaporatum
1188 2636 1221 2711 in
1243 2638 1434 2722 superiorem
1455 2639 1501 2703 lo·

196 2882 211 2932 7
235 2880 343 2933 Aristot.
362 2877 484 2931 355b20:
507 2875 536 2929 τδ
555 2877 581 2929 δὲ
599 2879 681 2949 ζητεῖν
699 2878 746 2948 τὴν
765 2876 871 2950 ἀρχαίαν
889 2876 1002 2949 ἀπορίαν,
1021 2876 1061 2929 διά
1078 2877 1104 2930 τί
1120 2883 1239 2931 τοιοῦτον
1257 2877 1355 2948 πλῆθος
1372 2876 1464 2939 ὕδατος
1482 2879 1557 2934 elide·

196 2973 244 3036 μου
264 2967 377 3036 φαίνεται
395 2964 468 3033 (καθ’
483 2965 591 3036 ἑκάστην
609 2967 655 3038 γὰρ
673 2966 769 3035 ἡμέραν
788 2970 911 3034 ποταμῶν
925 2963 1034 3036 ῥεόντων
1052 2964 1233 3036 ἀναριθμήτων
1252 2967 1295 3018 καὶ
1313 2965 1343 3019 τὸ
1356 2965 1462 3037 μίγεδος
1480 2966 1558 3022 eule-

194 3073 247 3106 των
267 3051 340 3106 οὐδὲν
357 3052 374 3122 ἡ
393 3051 506 3105 θάλαττα
524 3053 615 3123 γίνεται
633 3051 749 3119 πλείων),
774 3058 848 3106 τοῦτο
867 3050 941 3106 οὐδὲν
959 3053 1004 3121 μὲν
1022 3052 1116 3106 ἄτοπον
1137 3053 1263 3127 ἀπορῆοαί
1278 3072 1360 3126 τινας,
1385 3054 1416 3107 οδ
1433 3055 1486 3125 μὴν
1505 3056 1558 3108 ἀπι-

197 3138 317 3211 βλίψαντί
339 3158 366 3209 γε
383 3139 495 3210 γαλιπδν
518 3140 583 3193 ἰδεῖν.
619 3140 647 3193 τὸ
665 3142 711 3213 γὰρ
729 3138 789 3193 αὐτὸ
808 3138 905 3210 πλῆθος
926 3138 1017 3198 ὕδατος
1039 3140 1074 3199 ε1ς
1096 3140 1189 3200 πλάτος
1210 3159 1239 3194 τε
1261 3139 1376 3195 διαταδάν
1399 3142 1442 3193 καὶ
1460 3139 1557 3215 ἀθρόον

196 3228 243 3281 οὐκ
261 3228 287 3280 ἐν
306 3227 351 3297 ίοιρ
370 3227 452 3300 γρόνιρ
471 3227 671 3298 ἀναξηραίνεται,
694 3226 758 3280 ἀλλά
776 3227 885 3299 διαφέρει
902 3232 1021 3281 τοσοῦτον
1043 3227 1109 3281 ὥστε
1127 3228 1156 3281 τά
1176 3229 1221 3298 μὲν
1239 3227 1361 3298 διαμείναι
1378 3227 1409 3281 ἀν
1427 3225 1490 3299 δλην
1508 3229 1557 3300 την

195 3317 304 3389 ἡμέραν,
328 3315 357 3368 τδ
375 3315 399 3367 δ’
421 3314 505 3388 ὥσπερ
524 3314 548 3368 εί
568 3333 604 3374 τις
622 3316 662 3368 ἐπὶ
679 3316 802 3387 τράπεζαν
826 3314 936 3385 μεγάλην
959 3315 1112 3387 περιτείνειεν
1131 3313 1220 3374 ὕδατος
1238 3313 1347 3382 abedoc,
1371 3315 1425 3386 ἅμα
1443 3315 1557 3370 διανοου-

196 3405 278 3472 μένοις
301 3403 331 3455 ἀν
355 3401 500 3472 ἀφανιοδεὶη
523 3408 580 3455 πᾶν.
617 3401 629 3455 δ
652 3402 683 3472 δὴ
702 3403 745 3454 ael
769 3403 824 3473 περὶ
847 3403 905 3461 τοὺς
927 3403 1054 3471 ποταμοὺς
1077 3403 1218 3473 συμβαίνει·
1246 3410 1358 3474 συνεχῶς
1379 3405 1426 3476 γάρ
1444 3404 1557 3474 ῥεόντων

196 3489 296 3563 ἀθρόων
315 3491 400 3543 ἀεὶτὸ
418 3489 600 3561 ἀφικνούμενον
620 3491 653 3548 ε1ς
671 3491 753 3563 ἀχανῆ
772 3492 816 3543 καὶ
835 3489 930 3543 πλατὺν
947 3489 1025 3542 τόπον
1043 3490 1232 3563 ἀναξηραίνεται
1249 3491 1314 3561 ταχὺ
1333 3493 1376 3544 καὶ
1394 3490 1500 3562 ἀδήλως

196 3579 225 3630 ‘21
258 3578 294 3630 ld.
313 3578 434 3631 3541228:
462 3577 491 3631 τδ
511 3579 556 3646 μὲν
574 3577 726 3630 λεπτότατόν
747 3597 775 3630 τε
798 3580 842 3630 καὶ
860 3577 1015 3648 γλυιιδτατον
1038 3579 1153 3648 ἀνάγεται
1175 3577 1237 3631 καθ’
1259 3580 1367 3649 ἑκάστην
1389 3578 1488 3650 ημίραν
1510 3581 1557 3632 ml

196 3667 297 3738 φέρεται
315 3665 501 3738 διακρινόμενον
514 3667 557 3718 καὶ
570 3666 672 3735 ἀτμίζον
691 3667 726 3723 είς
736 3665 779 3718 τὸν
793 3665 1018 3731 decalceatus
1033 3665 1060 3718 δὲ
1079 3665 1152 3719 πόλιν
1164 3666 1255 3719 συστὰν
1273 3665 1312 3719 διά
1329 3664 1376 3736 την
1394 3663 1469 3734 ψῦξιν
1482 3668 1558 3719 κάτω

188 3754 296 3825 ,φέρεται
314 3753 387 3805 πάλιν
405 3754 467 3827 πρὸς
484 3755 531 3824 τὴν
549 3759 596 3824 γῆν

200 3978 274 4030 1-6
303 3977 377 4027 locam
396 3978 552 4042 desperatum
571 3979 714 4028 coniecturis
730 3977 861 4029 sollicitare
879 3978 1023 4047 supersedeo
1135 3979 1147 4029 l
1178 3978 1269 4049 maior]
1288 3980 1339 4032 ·i0r
1350 3978 1395 4031 ‘0²
1412 3980 1437 4030 ιἰι
1455 3998 1508 4032 rae.
1526 3980 1557 4048 (5

197 4067 242 4116 lta.
261 4066 337 4133 eros.)
444 4062 459 4114 2
485 4077 539 4114 αιιια
558 4064 709 4132 priusquam
729 4065 774 4116 lia.
787 4066 845 4130 sere
867 4063 897 4116 15
916 4084 981 4116 eras.
1001 4066 1026 4115 ιἰι
1047 4067 1069 4116 0
1177 4074 1323 4119 moueretur
1341 4067 1369 4118 in
1386 4081 1458 4119 noua
1476 4067 1556 4120 utris·

197 4170 246 4220 que
265 4152 356 4204 intulit
376 4152 411 4203 01
427 4153 517 4216 partim
536 4155 560 4202 ia
579 4171 631 4203 rus.
651 4153 696 4219 (13
715 4153 760 4203 liu.
779 4150 865 4217 eran),
881 4154 971 4217 purtim
990 4153 1015 4202 ιἰι
1034 4172 1111 4220 raarq.
1209 4153 1225 4207 3
1244 4153 1325 4223 mota]
1344 4160 1384 4206 ,γη
1404 4153 1483 4206 0²1¹„
1502 4173 1557 4206 mg·

197 4241 224 4306 (ἵ)
243 4240 288 4290 1111.
307 4258 386 4290 ercar
398 4239 529 4305 sicitfcrt.
548 4239 676 4305 mouetur)
782 4240 797 4291 4
817 4238 896 4291 statio
917 4239 994 4290 01111
1013 4258 1066 4291 ros.
1172 4242 1188 4294 5
1207 4256 1291 4294 nouae
1311 4226 1390 4293 θ”ίιι
1409 4259 1483 4293 rar..

197 4380 305 4432 aduenit
322 4380 392 4431 ueris
414 4378 450 4430 (2²
468 4380 492 4429 ιἰι
510 4398 563 4430 τοι.
654 4379 737 4448 ueris]
754 4397 842 4447 praece
855 4381 920 4446 sorr.
937 4377 997 4438 ταῖςι
1009 4376 1137 4450 ἀληθείαις
1225 4381 1240 4432 6
1260 4342 1435 4448 pertransibant
1453 4381 1510 4448 (sie)
1532 4381 1558 4434 G

197 4447 437 4535 diocensequens]
457 4483 618 4536 consequens
639 4468 674 4519 (1'1
765 4468 794 4519 ll
814 4466 871 4535 illa]
887 4467 955 4535 illud
975 4468 1009 4519 0¹
1101 4466 1133 4519 12
1152 4467 1268 4520 lunarem
1288 4466 1325 4519 01
1342 4468 1366 4517 in
1384 4485 1437 4519 res.
1456 4467 1484 4534 (o
1496 4470 1558 4535 sm

198 4555 244 4606 1111.
262 4553 353 4621 erne.):
377 4556 495 4606 excidisse
514 4557 599 4608 υοιτιίο
618 4557 710 4606 videtur
827 4553 885 4622 illa]
905 4554 969 4606 illud
990 4554 1024 4606 61
1139 4555 1276 4607 inmissum
1297 4556 1332 4607 6¹
1449 4554 1482 4607 13
1511 4555 1557 4607 do·

198 4642 328 4694 stenderet
348 4642 384 4692 (11
492 4643 523 4695 15
547 4643 655 4695 aduenit
673 4645 701 4696 in
720 4643 853 4696 silentium
875 4641 910 4692 01
928 4642 952 4691 in
970 4660 1022 4692 ras.
1131 4641 1163 4693 17
1187 4643 1331 4696 adueniens
1352 4641 1409 4711 ete]
1422 4643 1477 4709 sad
1489 4643 1557 4705 fert.

195 4716 284 4796 praere
303 4728 331 4781 τὸ
349 4728 544 4801 παραγινόμενον
564 4728 631 4800 ὕδωρ
650 4731 744 4781 ἐκτῶν
763 4735 885 4798 ποταμῶν
904 4727 951 4781 oba
970 4728 1021 4781 ἔστι
1033 4728 1119 4782 πλεῖον
1136 4733 1182 4781 τοῦ
1201 4728 1422 4798 ἀναδυμιωμίνου·
1439 4728 1557 4800 τοσοδτιρ

198 4815 294 4884 μᾶλλον
313 4818 355 4868 ael
373 4816 401 4868 τδ
420 4817 532 4888 ἐπιρρέον
551 4816 691 4887 ξηραίνεται
709 4822 746 4883 τῷ
765 4815 856 4886 πλήθει
873 4817 917 4869 καί
935 4835 966 4890 τη
986 4814 1135 4889 δπερδέρμιρ
1154 4816 1258 4885 δυνάμει
1275 4820 1320 4886 της
1339 4815 1513 4891 ἀλμυρότητος

202 4903 232 4957 18
251 4912 392 4979 euaporate
413 4905 447 4955 (11
555 4904 588 4956 22
608 4904 752 4958 deseretum
773 4906 807 4957 0¹
