3510 5610
194 281 235 345 10
738 283 908 337 PRISGIANI
927 284 1009 338 LYDI

250 453 298 515 καὶ
321 455 340 536 ἡ
362 455 508 539 θερμότης
529 454 579 518 ἀπ’
607 454 711 525 εἴδους.
755 456 799 519 διδ
820 456 854 519 οὐ
878 461 973 540 σῶμα.
1017 455 1050 518 οδ
1072 455 1126 538 γὰρ
1155 458 1229 523 κατὰ
1255 456 1498 541 ἀπομερισμδνῆ

249 556 406 641 ἀπορροήν,
428 556 488 619 ἀλλ’
510 560 550 626 ὡς
572 557 642 621 αὐτό
662 562 747 621 τοῦτο
769 558 898 642 ἐνέργεια
919 563 970 622 τοῦ
992 561 1126 642 λαμπροῦ
1147 558 1242 630 εἴδους
1265 558 1345 644 ἦὸτι
1367 559 1438 622 ποτὲ
1453 561 1503 623 δεῖ

249 661 347 721 καλεῖν
377 661 482 723 τὸτοῦ
516 661 612 745 φωτὸς
634 659 723 723 οιίτιον
746 660 829 731 εἶδος.
874 660 950 724 ἀλλ’
976 662 1008 724 εἰ
1040 662 1078 724 τδ
1106 661 1231 733 σκότος
1263 664 1389 747 δρᾶται
1410 660 1497 725 ἄνευ

247 760 380 841 φωτός,
404 761 588 826 οὐκέσται
611 767 695 827 πᾶσι
718 767 776 826 τοῦ
800 763 953 848 δρᾶσθαι
974 764 1011 826 τδ
1034 767 1107 848 φῶς
1128 763 1256 841 αἴτιον,
1286 765 1306 849 ἢ
1329 764 1396 849 οὐχ
1418 765 1498 848 θρα·

219 860 318 936 στόν,
342 866 382 932 ὡς
404 866 453 927 καὶ
477 864 564 934 αὐτὸς
587 865 697 947 ἐπάγει,
726 867 762 929 τδ
785 865 920 935 σκότος.
957 864 991 929 οὐ
1013 864 1067 950 γολρ
1089 863 1153 929 κατ’
1181 867 1322 951 ἐπέρεισιν
1343 866 1433 930 αὐτοῦ
1456 865 1499 928 αἰ-

247 964 419 1049 σθανόμεθα
441 968 516 1030 ἀλλὰ
531 967 605 1030 κατὰ
628 968 759 1053 στέρησιν
782 969 881 1031 καὶτὸ
905 968 945 1051 μη
962 970 1046 1052 ὁρᾶν·
1069 968 1102 1031 τὸ
1118 969 1151 1031 δὲ
1172 974 1229 1054 πῦρ
1251 970 1299 1033 καὶ
1313 968 1384 1032 εἴτι
1405 971 1497 1031 τοιοῦ-

248 1090 297 1129 τον
320 1068 350 1131 ἐν
374 1068 468 1132 σκότει
490 1070 602 1153 δρᾶται,
625 1073 666 1138 ὡς
688 1069 759 1132 αὐτὸ
786 1071 833 1133 καὶ
855 1074 906 1133 τοῦ
928 1072 1082 1154 διαφανοῦς
1104 1070 1194 1135 αίτιον
1216 1071 1264 1135 καὶ
1285 1070 1333 1134 διὰ
1354 1074 1439 1134 τοῦτο
1462 1069 1497 1133 οῦ

248 1168 384 1251 δεόμενον
407 1172 477 1255 πρὸς
499 1173 531 1234 τδ
548 1171 690 1255 ὁραθῆναι
713 1172 834 1237 ἐκείνου.
876 1176 928 1234 τοῦ
951 1173 1003 1255 μὲν
1019 1171 1069 1236 οῦν
1084 1173 1149 1236 κατ’
1170 1173 1312 1258 ἐνέργειαν
1328 1174 1496 1257 διαφανοῦς,

249 1269 327 1334 τοῦτ’
356 1274 415 1337 ἐστὶ
439 1279 489 1337 τοῦ
512 1274 569 1358 ἤδη
603 1274 832 1358 περωτισμένου,
866 1272 899 1337 οῦ
923 1277 1013 1337 δεῖται
1045 1277 1117 1358 πρὸς
1138 1278 1171 1339 τὸ
1194 1276 1337 1359 ὁραθῆναι
1371 1276 1404 1337 τδ
1425 1278 1494 1358 πῦρ.

206 1389 232 1433 10
247 1375 309 1437 ἐπεὶ
332 1377 363 1439 δὲ
386 1378 432 1439 δεῖ
452 1400 479 1439 τι
500 1376 573 1439 εἶναι
597 1368 702 1457 μεταξύ
724 1376 773 1459 (οὐ
795 1376 849 1460 γὰρ
871 1376 933 1440 κατ’
954 1377 1069 1462 ἐπαφὴν
1091 1380 1111 1460 ἡ
1134 1377 1248 1462 ὅρασις)
1269 1379 1406 1462 διαφανὲς
1420 1376 1495 1439 εἶναι

246 1482 330 1541 τοῦτο
353 1481 423 1563 χρη,
450 1480 497 1543 ίνα
520 1480 560 1562 μὴ
577 1480 691 1562 στερεὸν
707 1481 754 1543 καὶ
769 1480 918 1542 ἀντίτυπον
935 1479 966 1543 ὃν
982 1481 1164 1563 παραποδίζη
1179 1486 1221 1566 τῷ
1237 1484 1401 1564 σκοτοποιιγῦ
1418 1480 1496 1541 ίδιώ·

247 1602 314 1661 ματι
336 1580 388 1663 τὴν
411 1587 468 1642 τῶν
491 1584 658 1666 φωτοειδῶν
681 1581 722 1650 εἰς
743 1581 856 1664 ἄλληλα
880 1582 1032 1665 ἐνέργειαν,
1054 1587 1104 1646 τοῦ
1124 1606 1155 1645 τε
1176 1582 1266 1665 πυρός
1280 1607 1356 1666 φημι
1378 1582 1426 1646 καὶ
1443 1584 1495 1643 τοῦ

246 1681 417 1765 αἰσθητικοῦ
441 1685 573 1768 όργοίνου.
702 1682 895 1767 Συμβαίνει
917 1683 970 1760 δέ,
996 1685 1081 1768 μησί,
1112 1686 1169 1748 καὶ
1197 1689 1257 1747 τοῦ
1281 1685 1433 1770 δρᾶσθαι
1454 1684 1496 1747 τὰ
1514 1698 1543 1754 21

246 1786 418 1867 χρώματα
434 1793 564 1870 χρῶμα
588 1784 751 1849 τὸαῖτιον
773 1785 866 1848 εἶναι
889 1788 944 1849 καὶ
961 1790 1021 1849 τοῦ
1037 1787 1158 1857 ἁπλῶς
1178 1787 1221 1850 τὰ
1237 1787 1400 1871 όρατδτδ
1417 1788 1495 1870 δρα-

207 1886 317 1962 ιοτόν,
341 1884 421 1971 είπερ
444 1890 476 1951 τὸ
499 1895 563 1973 φῶς
585 1889 675 1952 αἴτιον
698 1893 805 1972 χρῶμα
828 1888 859 1951 όν
881 1893 933 1951 τοῦ
949 1892 1105 1973 διαφανοῦς
1126 1890 1173 1952 καὶ
1190 1891 1305 1973 ὁρατοῦ.
1350 1890 1408 1953 καλ
1430 1888 1495 1952 οὐκ

246 1987 391 2065 ἄτοπον,
413 1992 511 2074 φησίν,
534 1991 621 2054 ἀλλὰ
644 1992 702 2053 καὶ
729 1991 1013 2072 ὁμολογούμενον
1035 1996 1110 2061 τοῖς
1132 1990 1271 2060 ἄλλοις·
1307 1991 1451 2075 καὶγὰρ
1474 1992 1493 2073 η

245 2095 367 2171 γεῦσις
389 2094 447 2157 διὰ
469 2099 592 2179 χυμοῦ.
639 2090 697 2156 ἀλλ’
704 2140 713 2162 ,
738 2091 742 2175 ί
767 2094 829 2177 ἐρεῖ
844 2117 896 2167 τις,
920 2097 959 2161 ὡς
982 2095 1066 2175 όμὲν
1082 2095 1176 2179 χυμδς
1198 2093 1269 2156 ἴδιον
1284 2094 1424 2177 αἰσθητὸν
1440 2100 1550 2178 &scm

245 2193 371 2274 γεύσεως
392 2198 439 2259 καὶ
464 2195 588 2281 όψόμος
608 2201 660 2278 τῆς
683 2198 774 2280 ἀκοῆς
796 2197 912 2265 οὐδενὸς
934 2194 1041 2264 ἔξωθεν
1063 2196 1105 2265 εἰς
1126 2197 1159 2258 τό
1175 2197 1316 2260 κινεῖσθαι
1336 2197 1368 2258 τδ
1391 2196 1494 2280 αἰσθη-

245 2298 342 2380 τήριον
366 2296 510 2382 δεόμενος,
537 2299 563 2360 εἰ
587 2300 627 2382 μὴ
650 2298 706 2382 ἄρα
729 2304 779 2361 τοῦ
803 2301 924 2382 διηχοῦς
944 2321 986 2367 τις
1007 2297 1093 2371 είποι,
1116 2301 1157 2367 ὡς
1178 2299 1211 2361 πθ
1233 2304 1341 2383 χρῶμα
1362 2303 1413 2361 τοῦ
1435 2301 1494 2363 δια·

204 2405 362 2485 νορανοῦς,
396 2400 470 2462 ἀλλὰ
496 2402 544 2463 καὶ
567 2402 608 2470 ὣς
630 2403 645 2463 δ
670 2403 720 2482 μὲν
744 2400 819 2485 ἦχος
843 2400 932 2469 εὐθὺς
954 2400 1093 2483 αἰσθητὸς
1115 2401 1280 2485 συμμέτρου
1303 2401 1390 2484 ἀέρος
1411 2400 1494 2471 ὄντος

244 2503 359 2585 μεταξύ,
392 2504 425 2565 τὸ
447 2505 480 2566 δὲ
501 2508 610 2588 χρῶμα
636 2506 726 2566 δεῖται
748 2501 855 2573 ἔξωθεν
885 2507 935 2565 τοῦ
963 2504 1147 2587 φωτίζοντος,
1181 2504 1207 2566 εἰ
1234 2503 1333 2586 μέλλει
1357 2504 1494 2585 γενέσθαι

245 2603 359 2688 όρατόν.
396 2606 517 2688 ῆτοῦτο
540 2610 592 2689 τῆς
613 2604 708 2690 όψεως
731 2606 882 2689 ἐξαίρετον,
905 2607 937 2668 τὸ
953 2607 1066 2668 δεῖσθαι
1088 2604 1195 2688 φωτός,
1217 2606 1251 2668 οῦ
1274 2606 1321 2668 διὰ
1342 2606 1376 2668 τὸ
1398 2606 1495 2669 ἀτελέ-

246 2728 344 2791 στερον
367 2709 386 2790 ἦ
409 2709 481 2772 κατὰ
504 2708 556 2777 τὰς
578 2708 668 2777 οίλλας
689 2710 840 2792 αἰσθήσεις
863 2709 892 2771 αἳ
908 2706 1025 2776 οὐδενὸς
1046 2707 1138 2770 ἄλλου
1159 2706 1268 2777 ἔξωθεν
1289 2713 1340 2771 τοῦ
1355 2712 1496 2772 τελειοῦν·

244 2833 292 2878 τος
314 2810 483 2895 χρῄζουσιν,
507 2813 582 2875 ἀλλὰ
604 2810 652 2873 διὰ
673 2812 706 2874 τδ
729 2816 854 2896 κρεῖττον
875 2811 923 2873 καὶ
946 2809 1174 2894 ὑπερρυέστερόν
1191 2834 1253 2878 πως
1276 2816 1328 2893 της
1343 2810 1495 2894 ἐνεργείας,

205 2928 231 2972 25
245 2914 297 2976 οῦκ
320 2914 465 2997 ἀρκούσης
486 2916 578 2997 ἑαυτῇ
602 2919 653 2996 τῆς
676 2913 848 2996 αἰσθητικῇς
870 2914 1020 2992 δυνάμεως
1037 2912 1184 2996 θειοτέρου
1207 2912 1240 2975 δέ
1261 2936 1335 2981 τινος
1356 2913 1497 2997 δεομένης

245 3016 348 3084 είδους.
388 3019 428 3084 ὡς
449 3017 503 3099 γὰρ
526 3017 558 3079 τό
581 3015 722 3099 ἡμέτερον
745 3020 830 3095 σῶμα
854 3015 924 3097 πρὸς
948 3014 999 3094 μὲν
1014 3015 1046 3077 τὸ
1069 3014 1141 3098 βαρὺ
1156 3014 1230 3077 εἶναι
1252 3017 1301 3078 καὶ
1323 3016 1374 3098 τὴν
1398 3016 1446 3078 ἐπὶ
1461 3016 1495 3078 τὸ

246 3120 326 3182 κοίτω
348 3118 439 3203 φορὰν
462 3117 496 3181 οῦ
519 3121 608 3181 δεῖται
630 3123 683 3200 τῆς
704 3123 811 3202 ψυχῆς,
834 3118 905 3201 πρὸς
927 3116 1033 3199 δὲτὴν
1056 3114 1123 3180 καθ’
1144 3118 1237 3200 ὁρμὴν
1260 3118 1368 3199 κίνησιν
1392 3119 1438 3181 διὰ
1461 3120 1494 3181 τό

246 3220 511 3304 ὑπερμυέστερονῗη
535 3224 575 3289 ῦς
597 3220 668 3283 αὐτό
684 3222 809 3305 πέφυκεν
825 3219 902 3283 οὕτω
918 3218 1066 3293 κινεῖσθαι,
1089 3220 1138 3281 καὶ
1160 3218 1194 3282 οῦ
1217 3220 1264 3283 διὰ
1286 3224 1369 3282 τοῦτο
1385 3222 1494 3306 χείρων

247 3325 266 3406 η
282 3320 349 3386 καθ’
371 3324 463 3407 όρμὴν
487 3329 539 3406 τῆς
553 3324 626 3386 κατὰ
649 3324 732 3408 φύσιν
747 3322 823 3385 ἀλλὰ
837 3322 983 3407 κρείττων.
1006 3321 1082 3384 οὕτω
1098 3323 1146 3384 καὶ
1167 3323 1187 3404 ἡ
1203 3321 1268 3406 όψις
1284 3324 1420 3406 κρείττων
1435 3328 1494 3385 τῶν

206 3442 233 3485 νο
246 3427 343 3490 ἄλλων
365 3426 413 3489 διὰ
435 3426 467 3487 τὸ
490 3425 659 3509 κρειττόνως
681 3426 816 3509 ἐνεργεῖν,
838 3424 929 3487 οίλλου
945 3428 996 3486 τοῦ
1017 3427 1194 3492 τελειοῦντος
1208 3424 1342 3507 δεομένη.
1441 3424 1494 3509 MT]
1515 3442 1551 3497 22

246 3553 317 3593 ποτε
339 3531 371 3592 δὲ
392 3527 462 3610 είπη
485 3551 527 3596 τις
547 3529 595 3590 καὶ
617 3528 649 3590 τό
672 3527 897 3609 προηγουμένως
923 3527 1026 3610 ὁρατὸν
1048 3527 1080 3588 τὸ
1103 3528 1234 3610 λαμπρόν
1257 3526 1329 3589 εἶναι
1351 3528 1400 3590 καὶ
1421 3528 1494 3591 αδτδ

245 3634 278 3696 τό
301 3638 375 3716 φῶς,
404 3631 419 3694 ὃ
443 3627 510 3693 καθ’
538 3630 610 3693 αὑτὸ
633 3636 705 3693 κινεῖ
726 3631 777 3713 τὴν
801 3628 864 3715 ὄψιν
887 3629 1022 3712 καὶπερὶ
1049 3628 1064 3690 δ
1087 3626 1161 3711 αῦτη
1184 3629 1296 3712 ἐνεργεῖ
1315 3627 1425 3697 ἔξωθεν
1448 3628 1494 3692 οδ-

247 3736 327 3803 δενός
342 3734 431 3796 ἄλλου
453 3737 503 3795 τοῦ
518 3736 694 3800 τελειοῦντος
715 3732 854 3815 δεομένη·
877 3732 913 3793 τὰ
929 3732 961 3794 δὲ
983 3733 1127 3816 χρώματα
1150 3734 1190 3798 ὡς
1205 3730 1318 3815 ἀμυδρά
1333 3753 1395 3793 τινα
1409 3737 1495 3815 φῶτα

248 3838 288 3920 μὴ
312 3833 379 3901 καθ’
407 3836 481 3898 αὐτὰ
503 3834 574 3898 εἶναι
601 3837 704 3918 όρατοί,
734 3835 808 3897 ἀλλὰ
830 3836 944 3897 δεῖσθαι
969 3838 1020 3896 τοῦ
1043 3833 1268 3917 προηγουμένως
1290 3835 1395 3917 ὁρατοῦ
1417 3832 1495 3916 (τοῦ)

195 4097 210 4147 6
229 4094 257 4147 τδ
276 4094 302 4146 δὲ
320 4096 381 4164 πῦρ]
401 4091 433 4144 cf.
454 4093 562 4145 Aristot.
580 4091 689 4143 419223
783 4091 814 4143 10
832 4087 937 4157 μεταξὺ]
957 4089 988 4141 cf.
1009 4089 1115 4141 Aristot.
1134 4088 1244 4140 419220
1329 4089 1360 4141 19
1379 4088 1494 4161 διηχοῦς]

195 4201 218 4234 ι’.
237 4182 306 4235 infra
324 4182 356 4233 ad
375 4198 400 4248 p.
414 4180 468 4245 16,1
577 4179 606 4231 31
629 4179 661 4232 cs.
681 4180 796 4248 Simplic.
817 4177 833 4227 1.
847 4193 869 4228 c.
890 4175 989 4235 139,θὸ

193 4330 515 4340 ——.———----—..
532 4330 592 4335 ...-

196 4424 211 4473 θ
231 4423 289 4475 fort.
309 4425 347 4491 τῷ
367 4422 401 4490 μὴ
422 4420 482 4492 δρᾶν
587 4416 611 4469 εί
627 4417 662 4481 τι]
682 4417 703 4468 εἰ
722 4418 760 4469 bw
870 4418 900 4468 15
919 4418 998 4487 εἴπερ]
1018 4414 1079 4487 ῦπερ
1099 4417 1136 4468 bw
1246 4416 1275 4466 17
1296 4415 1369 4484 χιμδς
1387 4415 1417 4467 L¹

199 4513 229 4562 18
249 4509 331 4579 ψόρον
349 4508 382 4559 Ll
514 4505 549 4557 ‘20
575 4504 610 4562 ὣς
628 4521 663 4554 ιιι
683 4502 718 4560 ὡς
737 4503 810 4555 codd.
830 4505 846 4554 b
976 4504 1009 4555 95
1037 4504 1115 4573 έαυτγ]
1134 4503 1241 4570 εςιίροίι
1262 4503 1352 4570 ἑαυτῆς
1370 4503 1445 4554 codd.
1466 4505 1493 4555 b:

196 4597 259 4667 αὐτῇ
280 4613 301 4646 w
321 4592 573 4661 (οῑίοι1.θίοὶυιιε)
663 4589 780 4660 δεομένης
799 4607 820 4640 w
839 4593 908 4657 (cum
929 4591 1045 4656 Ficin0):
1065 4590 1181 4657 δεομένου
1200 4590 1274 4641 codd.
1295 4592 1310 4642 b
1402 4590 1434 4641 ⁶26
1454 4591 1495 4643 ἐπὶ

194 4691 232 4736 τῶ
251 4686 283 4737 L¹
402 4682 435 4732 ⁶22)
463 4679 570 4751 κρείττῶ
591 4679 623 4731 L:
643 4677 750 4749 κρείττω
770 4677 859 4729 ΜΡλῚ)
974 4677 1009 4728 39
1036 4676 1114 4729 ἄλλοί)
1132 4695 1177 4729 του
1197 4677 1288 4729 HLMP
1306 4677 1424 4743 (Ficinus
1443 4678 1495 4726 οΙιύ

196 4771 325 4837 quodam:
347 4767 402 4822 ἀλλ’
424 4766 453 4819 οῦ
471 4772 516 4817 τοῦ
535 4768 574 4818 bw
673 4765 702 4816 31
725 4764 788 4815 είτοι
807 4764 876 4832 vulg„
966 4764 1153 4833 προηγοῦμενον
1172 4765 1241 4831 vulg.
1334 4763 1367 4815 32
1386 4762 1399 4814 ό
1417 4754 1496 4833 αῦτη]

196 4854 276 4927 αὐτὴν
294 4857 334 4908 bw
442 4853 475 4906 33
494 4851 612 4922 δεομένης
631 4854 660 4905 b:
679 4850 794 4920 δεόμενον
813 4867 834 4901 w
941 4852 973 4903 3-1
992 4856 1037 4902 τοῦ
1056 4851 1144 4903 addidi
