3510 5610
582 333 823 387 METAPIIRASIS
842 334 877 386 IN
896 332 1175 387 THEOPHRASTUM
1529 331 1549 394 3

248 508 386 593 ληπτικὸν
415 512 473 571 τῶν
501 511 616 571 πολλῶν
644 507 692 570 καί
719 507 834 591 ἑκάστῳ
861 507 957 570 αἰιτῶν
983 505 1170 590 ἐφαρμόζων·
1204 510 1249 591 τῷ
1276 505 1330 589 γὰρ
1352 506 1394 568 ένί
1417 502 1421 587 ἰ
1444 509 1495 567 τοῦ
1510 518 1550 563 m

249 612 354 673 λευκοῦ
377 609 455 694 λόγῳ
472 611 586 672 πάντων
608 608 777 672 αἰσθάνεται
798 609 915 694 ἡψυχὴ
938 612 995 671 τῶν
1018 609 1092 672 κατὰ
1115 607 1201 691 μέρος
1223 610 1344 671 λευκῶν.
1378 609 1422 670 δεῖ
1443 607 1497 669 τοί-

249 736 299 775 νυν
322 714 370 776 τὸν
393 717 521 775 τοιοῦτον
544 711 745 797 προβληθῆναι
766 709 851 793 λόγον
874 711 899 772 εἰ
921 709 1020 794 μέλλει
1041 710 1170 792 γίνεσθαι
1192 709 1342 794 αἴσθησις·
1373 711 1497 794 προβάλ-

248 817 328 878 λεται
349 816 382 878 δὲ
404 818 445 883 ῶς
464 817 536 899 πρὸς
557 815 662 878 οἰκεῖον
685 814 717 876 τδ
739 814 860 885 ζωτικὸν
883 812 959 883 εἰδος
981 811 1188 896 διεγειρόμενος
1210 814 1258 875 καί
1280 812 1374 897 τοὸτιρ
1397 833 1497 895 συναρ-

222 917 408 999 σμοζόμενος
429 923 473 1002 τῷ
497 919 660 1000 ὁμοιώματι
681 921 732 978 τοῦ
754 916 837 984 ἐκτὸς
856 914 953 985 εἴδους
975 916 1024 978 καί
1047 915 1098 978 σῦν
1120 916 1201 1001 αὐτῷ
1226 915 1363 1000 ἐνεργῶν·
1387 915 1496 1000 τὸγὰρ

249 1024 344 1104 κρῖνον
370 1021 386 1083 ὁ
409 1020 493 1102 λόγος
520 1020 568 1082 καί
595 1022 614 1102 ἡ
637 1018 749 1088 σύνεσις
778 1017 851 1081 κατὰ
879 1019 931 1101 τὴν
957 1018 1130 1101 αἰσθητικὴν
1153 1018 1251 1104 ψυχὴν
1281 1019 1371 1101 καίη
1400 1019 1442 1087 εἰς
1464 1018 1497 1080 τὸ

249 1122 355 1205 ἀμερὲς
369 1122 530 1207 συναίρεσις
552 1123 582 1185 ἐν
605 1125 792 1206 τηχωριστῇ
816 1122 960 1204 σωμάτων
977 1121 1142 1184 ὑποστάσει.
1255 1118 1369 1184 Οὐκοῦν
1385 1118 1448 1205 ἔχει
1464 1121 1496 1183 τὸ
1516 1137 1532 1193 5

251 1229 301 1287 τοῦ
323 1225 466 1308 αἰσθητοῦ
488 1223 565 1293 εἰδος
586 1225 703 1308 ἡψυχὴ
727 1229 768 1307 τῷ
792 1224 841 1286 τὸν
864 1222 947 1306 λόγον
970 1223 1059 1287 αἰιτοῦ
1081 1225 1263 1309 προβάλλειν,
1285 1222 1350 1286 ἀλλ’
1378 1223 1435 1308 οῦχ
1457 1227 1498 1293 ῶς

250 1325 301 1388 ἀπ’
327 1326 417 1389 αὐτοῦ
445 1328 560 1411 μορφήν
582 1349 643 1389 τινα
669 1326 689 1409 ἢ
711 1346 840 1389 τυπωσιν
868 1328 910 1394 ώς
934 1326 992 1388 ἀπὸ
1019 1328 1175 1410 σφραγῖδος
1201 1325 1356 1410 δεχομένη.
1401 1327 1497 1411 ἡγὰρ

213 1444 238 1488 10
250 1429 339 1513 κρίσις
364 1430 413 1492 καί
439 1430 458 1512 ἡ
486 1428 613 1512 ἐνέργεια
640 1424 756 1492 ἔνδοθεν
790 1429 838 1492 καί
866 1429 985 1512 ζωτική.
1033 1429 1049 1491 ὁ
1077 1428 1128 1511 μὲν
1155 1426 1205 1491 οῦν
1232 1427 1316 1511 λόγος
1342 1426 1422 1492 ἔνδον
1449 1430 1497 1491 καί

249 1532 393 1614 οῦσιώδης
420 1536 473 1614 τῆς
494 1536 605 1616 ψυχῆς,
633 1532 652 1613 ίη
676 1531 708 1593 δὲ
734 1535 784 1594 τοῦ
813 1527 893 1614 ζῴου
920 1531 1146 1614 συμπληρωτικὴ
1174 1532 1252 1616 ζωή,
1278 1532 1336 1594 οἰπὸ
1364 1532 1416 1615 μὲν
1438 1536 1496 1594 τῶν

249 1634 400 1698 οῦσιώδων
422 1634 574 1718 ἠρτημένη
596 1634 705 1717 λόγων,
733 1633 806 1696 κατὰ
829 1634 934 1717 δὲτὴν
957 1633 1028 1717 πρὸς
1052 1632 1084 1694 τὸ
1108 1637 1195 1716 σῶμα
1216 1634 1295 1697 τάσιν
1318 1633 1496 1718 ὑφισταμένη

250 1736 405 1821 αἰσθητικὴ
429 1737 478 1799 καί
493 1738 557 1819 ἥδε,
580 1737 629 1799 καί
651 1734 718 1821 ὁρος
739 1737 788 1798 καί
809 1734 953 1820 τελειότης
976 1739 1026 1798 τοῦ
1042 1731 1132 1820 ζῴου.
1166 1736 1210 1798 διδ
1232 1736 1262 1798 ἐν
1277 1736 1368 1819 ταότη
1390 1738 1423 1800 τὸ
1446 1741 1497 1800 τοῦ

249 1839 391 1927 αἰσθηῇῦ
414 1839 551 1922 ὁμοίωμα
571 1836 743 1911 τελειωθέν,
772 1837 802 1901 ἐν
825 1839 857 1901 δέ
882 1842 926 1924 τῷ
948 1838 1130 1923 αἰσθητηρίιρ
1156 1838 1261 1921 ἀτελὴς
1283 1840 1331 1901 καί
1353 1839 1497 1923 συμμιγὴς

212 1956 237 2002 15
249 1942 338 2005 πάθει
359 1940 537 2026 ἡένέργεια·
562 1942 609 2004 καί
632 1941 664 2002 τὸ
688 1940 739 2023 μὲν
762 1940 857 2008 πάθος
872 1938 991 2015 ἔξωθεν,
1014 1940 1082 2023 ἡδέ
1104 1940 1232 2025 ἐνέργεια
1247 1940 1305 2004 ἀπὸ
1328 1947 1381 2025 τῆς
1403 1945 1495 2025 ζωῆς·

249 2045 297 2108 καί
318 2044 352 2107 τὸ
376 2043 427 2126 μὲν
449 2042 526 2112 εἶδος
547 2044 576 2107 ἐν
600 2047 637 2127 τῇ
663 2047 714 2106 τοῦ
739 2041 817 2127 ζηίου
840 2047 920 2126 ζωῇ,
947 2044 967 2126 ίη
990 2042 1023 2105 δέ
1044 2043 1136 2128 κρίσις
1158 2044 1206 2106 καί
1228 2044 1248 2127 ἡ
1271 2044 1383 2113 σύνεσις
1405 2045 1435 2108 ἐν
1457 2046 1496 2126 τῇ

249 2151 299 2209 τοῦ
322 2146 410 2228 λόγου
433 2145 569 2230 ἐνεργείᾳ.

335 2248 404 2318 Πῶς
425 2247 475 2311 οῦν
499 2249 649 2331 ὁμοιοῦται
675 2253 734 2317 τοῖς
757 2248 908 2332 αἰσθητοῖς
934 2249 953 2331 ἡ
977 2248 1074 2333 ψυχης
1102 2246 1136 2310 οἰι
1159 2251 1202 2331 τῷ
1225 2246 1368 2333 δέχεσθαί
1391 2273 1418 2312 τι
1441 2250 1491 2314 ἀπ’
1516 2264 1533 2322 ὁ

249 2351 356 2426 αὐτῶν,
379 2351 454 2414 ἀλλὰ
476 2356 518 2434 τῷ
543 2351 617 2414 κατὰ
639 2352 687 2414 τὸν
709 2350 793 2433 λόγον
821 2350 919 2414 αὐτῶν
942 2351 1065 2434 ἐνεργεῖν
1093 2349 1129 2413 δι’
1157 2350 1314 2435 ἐμφάσεως
1334 2356 1392 2415 τῶν
1415 2352 1497 2422 ἐκτδς

209 2455 343 2519 ουείδῶν.
389 2458 452 2521 πῶς
474 2450 523 2516 οὖν
551 2453 614 2537 ἅμα
636 2454 748 2517 πλείοσι
775 2454 823 2516 καὶ
845 2457 905 2522 τοῖς
927 2452 1063 2521 ἐναντίοις
1090 2452 1179 2515 ἐνίοτε
1202 2453 1364 2534 ὁμοιοῦται;
1397 2454 1498 2538 ἐπειδὴ

250 2560 373 2642 πάσχειν
396 2554 453 2639 οὐχ
474 2553 567 2618 οἷόντε
594 2556 656 2639 ἅμα
682 2557 717 2619 τὰ
741 2555 867 2632 ἐναντία,
894 2555 1016 2637 ἐνεργεῖν
1044 2555 1077 2617 δέ
1098 2554 1230 2618 δυνατόν·
1265 2557 1284 2639 ἡ
1308 2556 1340 2618 δέ
1361 2554 1498 2641 αἴσθησις

250 2658 311 2722 κατ’
339 2657 482 2743 ἐνέργειαν
509 2658 557 2720 καὶ
584 2658 673 2741 κρίσιν
701 2658 765 2721 ἀλλ’
794 2656 827 2720 οὸ
855 2657 929 2721 κατὰ
962 2658 1071 2727 πάθος·
1104 2657 1178 2720 κατὰ
1203 2657 1257 2742 γὰρ
1284 2659 1332 2721 τὸν
1365 2657 1450 2743 λόγον
1475 2684 1495 2743 η

250 2760 398 2844 αἴσθησις,
426 2762 458 2823 τὸ
482 2760 514 2823 δέ
536 2761 631 2829 πάθος
658 2760 688 2822 ἐν
713 2766 757 2846 τῷ
779 2760 975 2846 αἰσθητηρίιρ·
1010 2766 1097 2844 σῶμα
1119 2760 1151 2823 δέ
1174 2759 1205 2822 δν
1231 2762 1280 2824 καί
1307 2763 1440 2845 μεριστὸν
1463 2763 1496 2825 τὸ

248 2864 436 2948 αἰσθητήριον
463 2863 511 2925 καὶ
537 2861 608 2925 αῦτὸ
633 2864 706 2926 κατὰ
734 2864 857 2949 διάφορα
884 2863 959 2949 μέρη
986 2864 1076 2926 πλείω
1103 2863 1165 2946 ἅμα
1193 2863 1241 2925 καὶ
1263 2863 1395 2926 τάναντία
1417 2861 1496 2949 ἔχειν

212 2967 302 3031 ατοῦκ
323 2965 472 3028 ἀδύνατον.
515 2966 531 3027 ὁ
554 2965 639 3048 λόγος
661 2966 693 3030 δέ
715 2966 745 3028 ἐν
768 2968 869 3050 ἀμερεῑ
892 2966 954 3049 ἅμα
976 2965 1012 3028 τὰ
1033 2965 1146 3028 ἐναντία
1168 2966 1216 3027 καί
1237 2965 1273 3029 τὰ
1296 2968 1420 3051 διάφορα
1442 2965 1497 3031 ὁσα

251 3068 284 3132 ἂν
305 3066 327 3151 ᾖ
350 3069 502 3153 συλλαβῶν
525 3068 648 3151 ἐνεργεῖ·
676 3069 721 3130 διδ
744 3070 791 3132 καί
813 3069 865 3152 την
888 3067 1044 3153 ἑτερότητα
1066 3067 1161 3131 αὐτῶν
1184 3068 1272 3151 κρίνει
1293 3070 1335 3137 ώς
1356 3069 1417 3152 όίμα
1439 3073 1496 3132 τῶν

248 3169 388 3233 πλειόνων
418 3171 448 3233 ἐν
478 3171 583 3255 ἀμερεῖ
603 3168 811 3254 ἐφαπτόμενος.
933 3166 1019 3235 Ὅταν
1046 3169 1096 3234 οῦν
1118 3172 1167 3234 καί
1194 3172 1210 3233 ὁ
1233 3168 1420 3254 Θεόφραστος
1445 3174 1532 3255 τὴν7

250 3273 387 3355 ὁμοίωσιν
409 3272 548 3358 βοόληται
567 3272 695 3354 γίνεσθαι
724 3273 810 3336 κατὰ
831 3272 872 3336 τὰ
893 3272 970 3358 εἴδη
994 3275 1049 3337 καὶ
1077 3273 1155 3342 τοῦς
1182 3272 1304 3356 λόγους
1328 3272 1409 3336 ἄνευ
1435 3279 1497 3357 τῆς

250 3376 347 3460 ῦλης,
368 3374 590 3458 ἀποδεξώμεθα,
613 3374 677 3438 ἀλλ’
697 3375 752 3439 οῦκ
767 3373 875 3445 ἔξωθεν
898 3376 999 3445 ἁπλῶς
1013 3375 1191 3459 ἐγγινόμενα,
1213 3377 1272 3439 ἀπὸ
1288 3376 1320 3439 δέ
1341 3381 1399 3438 τῶν
1415 3373 1495 3439 ἔνδον

211 3479 341 3561 ονλόγων
364 3478 394 3541 ἐν
416 3484 453 3561 τῇ
478 3482 541 3561 ζωη
565 3476 628 3541 κατ’
656 3478 798 3563 ἐνέργειαν
814 3481 952 3562 ἱστάμενα
974 3480 1158 3562 αἰσθητικήν,
1181 3484 1224 3565 τῷ
1250 3478 1346 3561 μέντοι
1368 3479 1440 3563 πρδς
1461 3478 1496 3542 τὰ

249 3582 330 3650 ἐκτδς
357 3581 558 3644 οἰποτείνεσθαι
585 3581 633 3643 καί
659 3579 779 3649 ἐκείνοις
804 3582 1030 3666 ἀφομοιοῦσθαι.
1074 3579 1194 3650 εἰκότως
1222 3581 1279 3666 ἄρα
1304 3583 1352 3644 καί
1379 3581 1497 3664 ὁόναμις

248 3687 393 3768 νομιζεται
414 3683 586 3767 ἠαίσθησις
605 3684 646 3751 ῶς
661 3681 839 3767 ἐπιφέρουσα
861 3682 911 3752 τὰς
927 3684 1078 3768 ἐνεργείας.
1112 3684 1160 3746 ἐπὶ
1183 3682 1300 3765 μὲνοῦν
1323 3689 1375 3768 τῆς
1397 3689 1496 3769 ψυχῆς

249 3783 311 3849 κατ’
332 3786 474 3870 ἐνέργειαν
497 3789 548 3847 τοῦ
563 3783 649 3868 λόγου
671 3785 855 3868 ἡὸμυίωσις,
878 3786 926 3849 ἐπί
941 3786 974 3848 δέ
995 3790 1046 3849 τοῦ
1061 3786 1253 3871 αἰσθητηρίου
1275 3786 1349 3850 κατὰ
1371 3788 1422 3870 τἠν
1439 3788 1496 3850 ὁπδ

249 3893 299 3951 τοῦ
314 3888 456 3973 αἰσθητοῦ
472 3887 570 3971 πάθην
593 3887 655 3972 ἅμα
677 3888 725 3951 καί
746 3888 870 3971 ζωτικὴν
893 3888 1044 3972 ἐνέργειαν.
1154 3887 1232 3958 Πῶς
1254 3886 1312 3951 οῦν
1334 3888 1405 3972 ἅμα
1428 3889 1493 3953 ὁπό
1514 3907 1530 3962 8

209 4006 285 4056 εοτε
306 3996 365 4056 τοῦ
389 3994 512 4075 πικροῦ
541 3991 599 4054 καί
625 3994 685 4054 τοῦ
711 3990 856 4072 γλυκέος
883 3992 1031 4076 πάσχει;
1065 3989 1104 4053 οὐ
1130 3991 1193 4076 γὰρ
1221 3991 1319 4076 μέρει
1346 3991 1407 4075 μέν
1430 4016 1494 4056 τινι

197 4196 232 4251 20
259 4198 292 4251 cf.
311 4198 418 4250 Aristot.
436 4194 556 4263 426428,
572 4196 696 4249 448δ18τ
724 4195 841 4265 Simplic.
859 4196 877 4248 1.
887 4212 909 4249 c.
931 4194 1032 4261 19632.
1054 4194 1147 4262 198‚35
1269 4196 1301 4249 31
1331 4195 1444 4267 ὁὸναμις]
1462 4198 1495 4252 εἰ.

196 4284 305 4338 Ατίείοἰ.
322 4282 433 4337 424128

199 4475 211 4528 l
230 4475 380 4545 ἐφαρμόζων
398 4475 491 4543 scripsi
510 4473 580 4540 (coll.
598 4472 715 4540 Simplic.
733 4472 783 4525 λυ.
805 4430 1081 4541 126,11);Ψίφαρμόζον
1100 4472 1169 4541 vulg.
1266 4473 1284 4524 4
1302 4470 1386 4543 ῶσπερ
1404 4473 1495 4526 οἰκεῖον

196 4563 239 4615 καί
255 4561 362 4624 ζωτικὸν
382 4577 403 4612 π
485 4560 501 4615 5
519 4564 558 4631 τῷ
576 4559 729 4629 ὁμοιώματι]
749 4559 785 4617 ὡς
802 4559 945 4630 ὁμοιώματι
964 4561 1042 4629 mg.b
1062 4560 1180 4627 (Fieinus
1197 4572 1313 4625 tanquam
1331 4560 1495 4626 ιῖκιῖίῖιυιίἰιιι)

197 4648 325 4706 ὁσὸνεοις
343 4665 364 4700 π
382 4648 501 4716 (Fieinus
520 4648 658 4715 οορίιαιῖο);
678 4646 791 4705 υόνθεσις
809 4647 883 4700 codd.
902 4649 919 4701 b
1004 4647 1035 4699 12
1054 4646 1184 4701 οῦσιωδῶν
1203 4647 1274 4716 vulg.
1360 4647 1391 4699 14
1409 4647 1494 4707 ἀτελὲς

196 4736 239 4788 καί
257 4736 375 4805 συμμιγὲς
392 4734 504 4788 flM²P²b
613 4735 644 4787 15
670 4733 814 4807 ηἰνεργεία
833 4734 903 4786 Lw:
922 4734 967 4786 καὶ
984 4734 1000 4803 ἡ
1020 4735 1127 4805 ἰνίργεια
1146 4733 1270 4787 ΠθίἰΡὸπ
1386 4735 1417 4788 18
1443 4742 1495 4795 τοῖς

196 4838 246 4876 om.
263 4825 305 4878 bw
387 4823 422 4876 20
439 4822 492 4875 ἐπεὶ
509 4821 547 4875 δεῖ
563 4822 639 4874 ΜΡίνε
659 4821 713 4874 ἰπεί
729 4839 769 4875 τοι
786 4838 808 4873 w
891 4820 925 4874 33
943 4819 991 4874 ῦπὸ
1009 4822 1117 4890 scripsi:
1134 4820 1184 4875 ἀπὸ
1201 4822 1272 4891 vulg.
1355 4822 1390 4874 34
1408 4820 1496 4892 αἰσθη-

195 4909 251 4981 τοῦ]
269 4908 433 4983 αἰσθητηρίου
451 4927 472 4962 ιν

1303 4995 1347 5061 1*
