3510 5610
366 342 618 397 ARISTOPHANIS
635 343 819 397 HISTORIAE
838 343 1030 397 ANfflALlUM
1049 342 1196 397 ΕΡΙΤΟΜΕ
1215 344 1226 397 I
1247 342 1391 398 127-135
1515 342 1556 410 33

253 515 438 601 ὀλεγόμενος
453 518 559 601 σκάρος
580 517 628 580 καί
644 519 660 580 6
675 518 815 600 ποτάμιος
837 521 944 602 χοῖρος.
1021 516 1113 600 (128)
1134 518 1170 580 τὰ
1193 518 1385 602 μηρυκίζοντα
1407 517 1500 578 πάντα
1512 524 1547 580 38

253 623 317 704 ζῷα
338 620 481 705 τέσσαρας
503 617 566 705 ἔχει
588 619 709 696 κοιλίας,
736 619 777 682 ών
799 620 832 682 τό
860 620 911 703 μὲν
934 620 968 683 ἐκ
989 625 1040 684 τοῦ
1062 618 1205 703 στόματος
1226 620 1386 705 ἠρτημένον
1409 618 1502 683 κοιλία

253 725 397 799 καλεῖται,
427 723 462 786 ἐκ
491 723 523 786 δὲ
551 723 653 786 τούτου
683 724 699 785 6
726 722 903 806 καλούμενος
930 722 1108 807 κεκρόφαλος
1135 721 1272 808 ἤρτηται,
1301 721 1443 808 ἐχόμενος
1472 722 1505 784 δὲ

253 824 387 888 καθεῖται
409 827 425 889 6
449 823 732 911 προσαγορευόμενος
748 825 855 909 ἐχῖνος,
879 825 952 908 μετὰ
967 826 1000 888 δὲ
1015 830 1114 888 τοῦτον
1130 827 1162 889 τδ
1178 827 1249 910 πρός
1264 849 1347 889 τινων
1363 825 1502 909 ἤνυστρον

226 927 443 1011 σκαλοόμενον·
476 927 677 1013 ἀκριβέστερον
699 929 732 991 δὲ
754 929 784 990 ἐν
807 931 849 1012 τῷ
871 927 997 1013 δευτέρῳ
1020 928 1193 1012 ἐκθήσομαι
1272 927 1365 1011 (129)
1392 927 1427 990 τὰ
1450 950 1502 1010 μη-
1515 943 1543 985 πο

254 1032 403 1116 ρυκίζοντα
431 1035 495 1115 ζῷα
522 1031 621 1094 πυτίαν
649 1029 727 1116 ἔχει,
758 1031 793 1113 τὰ
820 1031 852 1093 δὲ
878 1029 953 1093 ἄλλα
978 1030 1031 1094 οόκ
1058 1028 1135 1115 ἔχει·
1171 1031 1199 1093 τί
1225 1030 1257 1093 δέ
1284 1030 1345 1094 ἐστι
1371 1032 1419 1093 καὶ
1447 1036 1503 1093 ποῦ

253 1138 345 1197 κεῖται
367 1135 415 1209 καὶ
436 1134 512 1202 τίνος
533 1135 618 1219 χάριν
641 1136 735 1218 ἐντῷ
763 1133 888 1218 δευτέρῳ
914 1135 1096 1218 διασαφήσω.
1182 1133 1275 1216 (130)
1300 1134 1337 1196 τὰ
1359 1134 1399 1216 μὴ
1423 1133 1505 1196 πετό-

255 1260 327 1320 μενα
342 1242 410 1316 ,τῶν
434 1235 541 1321 ὀρνέων
567 1242 657 1300 ταῦτα
682 1238 731 1299 καὶ
757 1235 903 1320 ὑπηνέμια
927 1236 1024 1299 τίκτει.
1108 1235 1201 1319 (131)
1227 1235 1310 1299 οὐδὲν
1333 1241 1389 1300 τῶν
1413 1237 1505 1320 ἀμφο-

254 1339 362 1402 δόντων
385 1339 414 1402 ἐν
437 1345 474 1422 τῇ
499 1341 594 1423 μήτρογ
616 1337 809 1423 κοτυληδόνας
831 1336 903 1424 ἔχει,
929 1337 997 1402 δδεν
1020 1337 1087 1401 οόδὲ
1109 1337 1271 1422 ἄνθρωπος.
1350 1339 1444 1422 (132)
1470 1339 1505 1402 τὰ
1518 1355 1545 1396 ετ

212 1458 240 1502 10
253 1441 361 1525 άναιμα
384 1446 448 1526 ζῷα
469 1441 559 1504 πολόν
581 1439 686 1527 χρόνον
713 1442 825 1527 ὀχεόει·
860 1442 959 1528 ψυχρὰ
985 1443 1039 1525 γάρ
1062 1442 1131 1505 ἐστι.
1218 1440 1311 1524 (133)
1339 1440 1425 1523 μόνος
1447 1446 1504 1505 τῶν

253 1544 494 1630 ὀστρακοδέρμων
523 1545 617 1607 ώπται
644 1544 873 1628 συνδυαζόμενος
895 1546 911 1607 ό
934 1545 1067 1629 κοχλίας·
1101 1544 1137 1606 τὰ
1158 1543 1212 1628 γὰρ
1235 1544 1310 1607 ἄλλα
1332 1544 1383 1612 τὰς
1404 1544 1505 1629 ὀχείας

253 1648 302 1710 καὶ
325 1646 376 1715 τὰς
397 1647 522 1729 γενέσεις
544 1647 574 1716 ἐξ
597 1646 674 1716 ίλόος
696 1645 768 1733 ἔχει.
848 1647 941 1730 (134)
969 1648 984 1709 6
1007 1650 1114 1732 πῶλυψ
1140 1646 1191 1710 δόο
1213 1646 1408 1729 κοτυληδόνας
1430 1645 1503 1733 ἔχει,
1614 1641 1618 1648 ’

254 1752 273 1832 6
297 1750 330 1813 δὲ
356 1750 483 1833 ἑλεδώνη
512 1749 703 1834 μονοκότυλός
728 1750 797 1814 ἐστι.
883 1750 976 1833 (135)
1003 1750 1038 1812 τὰ
1061 1749 1169 1834 διχηλὰ
1194 1751 1286 1812 πάντα
1308 1751 1504 1833 ἀστραγαλοος
1515 1759 1550 1816 39

197 1989 211 2040 1
238 1989 270 2040 τὰ
289 1986 468 2058 μηρυκίζοντα]
487 1988 567 2040 Arist.
581 1989 641 2040 hist.
654 1989 732 2040 anim.
746 1984 769 2039 B
782 1987 812 2038 11
831 2004 857 2055 p.
871 1986 921 2039 501
927 1984 978 2038 ο34
1002 1991 1102 2054 πρῶτον
1125 1986 1170 2054 μέν
1192 1986 1238 2056 γὰρ
1261 1993 1313 2040 τῶν
1335 1988 1493 2058 τετραπόδων
1516 1992 1559 2043 καὶ

195 2076 336 2145 ζῳοτόκων
354 2073 399 2127 ὀσα
418 2075 453 2144 μὴ
468 2076 532 2127 ἐστιν
550 2075 703 2145 άμφώδοντα
721 2081 773 2127 τῶν
792 2075 969 2145 κερατοφόρων
987 2074 1107 2142 τέτταρας
1127 2073 1178 2144 ἔχει
1194 2074 1252 2132 τοὺς
1269 2074 1396 2135 τοιοότους
1414 2077 1518 2147 πόρους·
1543 2079 1559 2130 δ

195 2163 231 2232 δὴ
249 2164 293 2214 καὶ
311 2162 409 2231 λέγεται
427 2163 585 2232 μηρυκάζειν.
621 2162 701 2232 διήκει
718 2163 764 2232 γὰρ
784 2161 797 2214 6
816 2163 861 2230 μέν
880 2161 1005 2230 στόμαχος
1024 2159 1073 2213 ἀπὸ
1096 2165 1141 2212 τοῦ
1164 2161 1286 2230 στόματος
1309 2162 1444 2232 ἀρξάμενος
1466 2165 1506 2216 ἐπὶ
1527 2164 1559 2217 τὰ

197 2252 272 2302 κάτω
290 2250 359 2320 παρὰ
376 2249 419 2302 τὸν
436 2249 572 2319 πλεόμονα,
590 2250 640 2303 ἀπὸ
657 2254 703 2302 τοῦ
721 2249 878 2318 διαζώματος
896 2249 936 2301 ἐπὶ
953 2249 1000 2318 τὴν
1018 2247 1114 2300 κοιλίαν
1131 2248 1178 2318 τὴν
1196 2249 1320 2319 μεγάλην·
1344 2247 1408 2320 αὕτη
1427 2250 1511 2303 δ’ἐστὶ
1527 2251 1560 2303 τό

196 2336 251 2388 έσω
273 2343 378 2407 τραχεῖα
401 2339 445 2390 καλ
467 2336 635 2408 διειλημμένη.
669 2338 819 2407 συνήρτηται
841 2335 864 2389 δ’
881 2336 945 2407 αότῇ
968 2335 1071 2405 πλησίον
1094 2341 1141 2406 τῆς
1162 2340 1207 2388 τοῦ
1230 2339 1357 2408 στομάχου
1381 2337 1522 2407 προσβολῆς
1545 2337 1559 2390 6

195 2423 354 2493 καλεόμενος
372 2423 529 2495 κεκρόφαλος
547 2424 595 2478 ἀπὸ
613 2431 659 2495 τῆς
677 2424 772 2495 ὀψεως·
795 2424 908 2493 ἔστιγὰρ
926 2424 958 2475 τὰ
976 2425 1021 2491 μέν
1040 2421 1133 2484 έξωδεν
1152 2421 1236 2492 δμοιος
1247 2429 1281 2495 τῇ
1299 2424 1389 2494 κοιλία,
1407 2427 1439 2478 τὰ
1457 2423 1477 2477 δ’
1493 2425 1560 2484 ἐντὸς

195 2511 283 2580 όμοιος
305 2519 358 2570 τοῖς
376 2511 491 2570 πλεκτοῖς
509 2512 687 2583 κεκρυφάλοις·
712 2509 811 2582 μεγέθει
830 2512 856 2564 δὲ
874 2510 937 2564 πολὺ
956 2510 1066 2563 ἐλάττων
1085 2512 1150 2563 ἐστὶν
1173 2510 1186 2563 6
1209 2510 1365 2582 κεκρόφαλος
1387 2517 1433 2582 τῆς
1457 2512 1560 2571 κοιλίας.

194 2598 288 2653 ταίντου
307 2599 327 2652 δ’
342 2600 426 2670 έχεται
444 2598 458 2651 6
477 2600 566 2669 ἐχῖνος,
583 2599 616 2652 τό
634 2599 703 2658 ἐντός
720 2599 756 2652 ὢν
774 2600 867 2670 τραχὺς
885 2600 928 2650 καὶ
946 2597 1097 2668 πλακώδης,
1120 2598 1149 2651 τό
1168 2598 1195 2650 δὲ
1213 2598 1317 2668 μέγεδος
1335 2598 1505 2670 παραπλήσιος
1522 2603 1561 2670 τῳ

196 2685 362 2756 κεκρυφάλῳ.
400 2687 464 2755 μετὰ
482 2687 508 2739 δὲ
525 2690 614 2739 τοῦτον
631 2687 661 2740 τό
679 2686 833 2755 καλοόμενον
850 2686 968 2756 ἧνυστρόν
987 2687 1050 2751 ἐστι,
1068 2690 1105 2755 τῷ
1124 2687 1169 2755 μέν
1187 2685 1288 2755 μεγέθει
1304 2691 1350 2739 τοῦ
1368 2687 1451 2758 ἐχίνου
1470 2688 1561 2755 μεῖζον,

195 2773 228 2826 εδ
245 2773 272 2826 δέ
290 2778 379 2843 σχῆμα
397 2776 612 2845 προμηκέστερον·
637 2775 689 2845 ἔχει
707 2773 726 2826 δ’
742 2775 810 2834 έντός
828 2773 926 2832 πλάκας
943 2772 1037 2832 πολλός
1054 2775 1099 2826 καλ
1117 2773 1225 2843 μεγάλας
1243 2775 1287 2826 καί
1304 2774 1370 2833 λείας
1482 2775 1498 2827 6
1516 2794 1561 2828 πυ·

194 2861 264 2926 τίαν]
284 2862 365 2913 Arist.
378 2862 440 2914 hist.
452 2864 531 2915 anim.
546 2859 565 2917 Γ
578 2863 609 2915 21
633 2879 658 2930 p.
672 2861 764 2915 52218
783 2862 839 2932 ,ἔχει
862 2862 888 2915 δὲ
911 2862 1011 2914 πυετίαν
1035 2863 1067 2914 τὰ
1089 2863 1134 2930 μέν
1156 2862 1331 2932 μηρυκάζοντα
1352 2864 1446 2927 πάντα,
1468 2860 1558 2914 τῶνδ’

195 2947 373 3017 ἀμφωδόντων
391 2948 515 3008 δασόπους
621 2949 724 3002 ’18τὰ
743 2950 778 3019 μὴ
797 2949 933 3018 πετόμενα]
953 2950 1033 3002 Arist.
1047 2950 1107 3001 hist.
1120 2948 1200 3001 anim.
1213 2946 1235 3000 Ζ
1250 2949 1262 3000 1
1282 2965 1307 3017 p.
1320 2948 1429 3002 558630
1451 2950 1562 3002 τίκτουσι

196 3035 226 3087 δέ
243 3036 276 3087 τὰ
294 3035 340 3103 μέν
358 3035 423 3087 ἄλλα
441 3037 467 3089 έν
485 3045 618 3102 νεοττιαῖς,
640 3038 673 3090 τό
689 3037 715 3089 δέ
734 3037 770 3107 μὴ
789 3035 965 3106 πτητικὰοόκ
986 3037 1012 3089 έν
1031 3043 1162 3100 νεοττιαῖς,
1185 3035 1236 3088 οἷον
1258 3036 1285 3088 αί
1301 3055 1328 3089 τε
1346 3037 1459 3106 πέρδικες
1477 3039 1520 3089 καὶ
1538 3037 1561 3089 ο1

197 3121 310 3192 ὄρτυγες,
328 3121 380 3174 ἀλλ’
396 3124 422 3175 έν
439 3143 471 3194 τη
491 3129 533 3196 γη,
552 3125 754 3196 έπηλυγαζόμενα
772 3121 843 3194 ὕλην.
874 3122 994 3181 ώσαότως
1012 3123 1038 3176 δέ
1056 3126 1099 3176 καὶ
1118 3123 1221 3195 κόρυδος
1239 3125 1281 3176 καὶ
1299 3123 1387 3194 τέτριξ.
1417 3128 1496 3176 ταῦτα
1515 3125 1560 3192 μέν

197 3209 243 3261 οὖν
262 3209 405 3279 δπηνέμους
423 3217 527 3264 ποιεῖται
545 3214 590 3271 τὰς
608 3212 755 3270 νεοττεόσεις
861 3213 878 3264 8
899 3210 980 3279 οόδέν]
999 3212 1080 3263 Arist.
1093 3227 1180 3280 gener.
1193 3213 1271 3264 anim.
1285 3209 1336 3264 Β’1
1358 3229 1384 3280 p.
1398 3210 1508 3263 7451130
1529 3212 1561 3262 τὰ

198 3298 246 3365 μὲν
265 3296 308 3348 οδν
327 3298 363 3367 μὴ
381 3298 535 3367 ἀμφώδοντα
552 3302 633 3353 πάντα
652 3301 764 3352 καὶτῶν
783 3299 955 3370 ἀμφωδόντων
977 3297 1041 3350 όσων
1060 3299 1075 3368 6
1095 3297 1185 3369 δστέρα
1207 3300 1243 3369 μη
1266 3299 1324 3367 μίαν
1346 3298 1427 3368 φλέβα
1450 3298 1560 3368 μεγάλην

198 3384 253 3454 έχει
275 3384 441 3438 διατείνουσαν
463 3385 515 3439 ἀλλΙ
530 3388 584 3440 ἀντὶ
607 3394 664 3457 μιᾶς
686 3387 781 3445 πυκνὰς
803 3385 909 3451 πολλάς,
930 3390 1010 3438 ταῦτα
1029 3390 1055 3441 έν
1072 3394 1126 3445 ταῖς
1144 3385 1255 3458 δστέραις
1274 3386 1325 3456 ἔχει
1343 3388 1387 3445 τὰς
1405 3385 1561 3455 καλουμένας

198 3471 370 3540 κοτυληδόνας
476 3473 547 3528 9.10
564 3476 597 3528 τὰ
615 3473 718 3544 ἄναιμα]
737 3474 818 3526 Arist.
830 3490 917 3542 gener.
930 3475 1009 3526 anim.
1024 3471 1071 3526 Γ8
1090 3491 1116 3542 p.
1126 3473 1217 3527 75823
1234 3475 1325 3544 γίνεται
1342 3474 1368 3527 δὲ
1381 3472 1395 3525 6
1408 3473 1561 3542 συνδυασμὸς

197 3557 299 3611 τοότων
317 3562 378 3623 (τῶν
397 3561 538 3629 μαλακίων)
557 3562 720 3633 χρονιώτερος
737 3563 847 3623 πάντων,
866 3559 949 3630 ὥσπερ
967 3567 1020 3613 τῶν
1038 3562 1160 3630 έντόμων,
1178 3561 1301 3631 εόλόγως·
1327 3562 1418 3630 ἄναιμα
1436 3563 1482 3631 γάρ
1501 3562 1560 3625 ἐστι,

199 3646 285 3716 διόπερ
305 3647 389 3717 ψυχρά
407 3650 453 3719 τὴν
471 3649 543 3720 φδσιν
673 3650 704 3702 10
727 3647 813 3718 μόνος]
832 3649 913 3701 Arist.
926 3664 1013 3717 gener.
1025 3650 1104 3701 anim.
1118 3645 1138 3702 Γ
1152 3650 1183 3701 11
1206 3667 1230 3718 p.
1244 3648 1352 3701 762227
1375 3650 1403 3702 έν
1421 3649 1446 3701 δὲ
1464 3651 1498 3719 τῇ
1515 3646 1560 3700 δα-

199 3733 280 3805 λάετη
303 3734 365 3788 πολὺ
387 3735 417 3788 τό
438 3737 530 3806 γεῶδες
552 3737 655 3790 ένεστιν·
682 3736 766 3806 διόπερ
787 3737 817 3788 ἐκ
834 3740 881 3806 τῆς
897 3734 1015 3805 τοιαότης
1033 3738 1172 3795 συστάσεως
1194 3737 1210 3806 6
1229 3743 1281 3789 τῶν
1300 3736 1506 3807 ὀστρακοδέρμων
1525 3736 1560 3806 γί-

200 3840 268 3874 νεται
286 3821 357 3892 φόσις
370 3857 377 3871 ·
390 3857 397 3871 ·
411 3857 418 3873 .
431 3824 504 3892 μόνον
527 3824 553 3878 δὲ
576 3832 628 3878 τῶν
650 3823 771 3877 τοιοότων
793 3823 986 3891 συνδυαζόμενον
1008 3823 1117 3895 ἑώραται
1139 3823 1167 3876 τό
1187 3830 1239 3876 τῶν
1257 3823 1369 3894 κοχλιῶν
1386 3825 1463 3893 γένος.
1499 3825 1520 3876 εί
1538 3823 1557 3876 δ1
1638 3882 1640 3887 .

201 3910 231 3961 ἐκ
249 3913 294 3961 τοῦ
313 3897 467 3979 συνδυασμοῦ
484 3911 500 3981 6
519 3914 610 3981 γένεσις
628 3912 712 3965 αότῶν
731 3913 795 3964 ἐστιν
813 3909 829 3981 6
849 3911 894 3981 μη,
912 3907 983 3963 οὔπω
1001 3917 1128 3964 σονῶπται
1145 3912 1247 3970 ἱκανῶς.
1277 3911 1310 3964 σί.
1327 3913 1388 3964 hist.
1402 3912 1481 3964 anim.
1495 3908 1516 3964 Ε
1529 3910 1560 3964 15

202 4013 228 4064 p.
241 3994 350 4048 546116
495 3998 525 4050 12
548 3998 562 4051 6
580 3999 684 4070 πῶλυψ]
704 3995 1009 4069 Αείεί.1]181.αιιίιυ.Δ,1
1029 4015 1056 4067 p.
1066 3997 1173 4052 525213
1197 3999 1249 4052 ἔστι
1267 3999 1293 4052 δέ
1311 4001 1369 4070 γένη
1388 3999 1467 4052 πλείω
1485 3997 1561 4051 πολυ·

202 4083 286 4135 πόδων
299 4118 306 4132 .
319 4118 326 4132 .
339 4084 376 4154 6
395 4102 423 4137 τε
440 4085 582 4158 καλουμένη
602 4087 720 4157 έλιδώνη,
738 4087 815 4155 μήκει
832 4104 860 4139 τε
878 4086 1027 4157 διαφέρουσα
1044 4090 1083 4156 τῳ
1100 4092 1152 4139 τῶν
1170 4087 1255 4140 ποδῶν
1273 4089 1371 4158 καὶτῷ
1391 4085 1561 4155 μονοκότυλον

202 4171 261 4223 εἶναι
282 4172 363 4241 μόνην
383 4178 436 4224 τῶν
457 4174 588 4242 μαλακίων
737 4173 768 4226 13
791 4174 823 4226 τὰ
840 4172 942 4245 δίχηλα]
962 4173 1042 4226 Arist.
1055 4179 1121 4241 part.
1134 4175 1213 4227 anim.
1226 4171 1247 4226 Δ
1261 4176 1293 4227 10
1314 4192 1339 4243 p.
1353 4173 1457 4226 6901121
1482 4175 1515 4226 τὰ
1534 4173 1561 4226 δέ

202 4257 292 4330 διχηλό
310 4259 363 4330 έχει
380 4259 534 4331 ἀστράγαλον
552 4262 703 4333 (κουφότερα
720 4262 766 4332 γὰρ
782 4261 815 4314 τό
829 4258 939 4324 όπισδεν)
950 4299 957 4313 .
969 4299 976 4313 .
986 4300 993 4313 .
1004 4262 1035 4314 τδ
1048 4260 1074 4314 δέ
1086 4261 1261 4315 πολυδάκτυλα
1279 4260 1326 4314 οόκ
1345 4261 1397 4331 ἔχει
1409 4261 1561 4332 ἀστράγαλον

206 4400 300 4407 ——

207 4488 216 4538 1
237 4488 405 4559 μηρυκίζονεα
424 4480 503 4540 Βοοετ
527 4485 685 4555 μορικίζοντα
703 4485 724 4537 Ρ
834 4484 852 4536 4
869 4481 984 4537 καθεῖται
1003 4484 1109 4552 scripsi:
1131 4483 1243 4538 καλεῖται
1260 4485 1294 4537 P:
1319 4483 1477 4554 κεκρυφάλου
1496 4484 1560 4536 ἐστὶν

204 4574 306 4642 Sauppe
420 4578 509 4626 τοῦτον
527 4575 608 4626 Rose:
631 4571 759 4625 τοότουΡ
873 4572 993 4643 ἤνυστρον
1012 4572 1090 4623 Rosa:
1115 4571 1273 4642 ἠναστρονΡ
1390 4572 1444 4626 5.6
1463 4573 1560 4642 μυρικί-

203 4658 312 4721 ζονταΡ
425 4661 440 4713 6
464 4661 552 4714 ποτίαν
569 4660 650 4713 Rosa:
674 4658 800 4713 πιτόανΡ
912 4658 928 4711 9
951 4659 1005 4730 έχιι
1024 4662 1088 4723 (non
1106 4658 1216 4729 ίσχει)Ρ
1332 4660 1364 4713 10
1387 4661 1461 4729 μόνος
1479 4662 1560 4713 Rose:

203 4748 256 4806 ὄνος
274 4744 322 4812 (M,
340 4753 370 4801 ut
388 4750 465 4801 rubro
484 4749 621 4810 scribatur,
640 4748 746 4810 omisso)
765 4747 784 4798 P
893 4746 924 4798 12
947 4745 1040 4815 πῶλυψ
1059 4748 1139 4800 Rose:
1164 4746 1248 4815 πόλυψ
1265 4748 1285 4800 Ρ
1392 4746 1435 4800 δόο
1453 4747 1560 4818 κοτυλη-

203 4836 272 4895 δόνας
289 4838 370 4889 Rose:
393 4834 596 4906 δυσηρτυλϊδόνας
614 4836 634 4888 Ρ
738 4834 767 4887 13
787 4835 802 4904 6
820 4835 846 4887 δὲ
866 4835 975 4904 ἑλεδώνη
996 4834 1162 4903 μονοκότυλός
1182 4835 1259 4887 Rose:
1283 4836 1300 4906 6
1319 4835 1344 4888 δέ
1363 4835 1469 4906 χελιδὼν
1488 4853 1561 4904 μονο·

205 4923 371 4983 κοτδλὶδόςΡ
1568 4932 1570 4935 ’

256 5031 364 5082 supplem.
378 5031 445 5072 Arm.
454 5032 486 5074 11
501 5030 611 5079 Arutoph.
624 5029 681 5078 Eplt
1044 5022 1048 5031 '
1340 5011 1360 5075 3
