3510 5610
780 305 952 361 PRISGIANI
970 305 1053 361 LYDI

292 481 346 539 est.
391 477 509 540 olerum
543 499 665 561 quoque
698 479 772 563 quia
803 479 963 544 sensibilia
995 500 1051 564 per
1082 477 1327 562 unumquodque
1352 478 1545 563 αισθητηριον
1562 493 1615 552 504

290 600 415 642 sensum
437 580 580 644 inficiunt
603 590 634 645 et
654 583 736 645 iacta
758 582 857 647 abeis
876 582 977 668 passio
994 603 1055 646 non
1070 582 1171 646 solum
1186 581 1386 666 operantibus
1399 582 1545 647 sensibus

290 681 371 745 inest
392 683 587 762 eistheteriis,
609 683 663 749 sed
685 685 781 749 etiam
803 684 1037 750 transeuntibus
1058 685 1121 750 iam
1144 692 1175 750 et
1197 684 1396 749 cessantibus.
1441 684 1544 749 ueluti

290 783 317 846 si
339 784 414 866 quid
436 792 557 850 motum
580 788 673 852 fuerit
695 789 734 853 ab
749 788 858 868 altero,
879 809 943 853 nen
965 787 1066 853 adhue
1088 809 1162 852 uero
1184 793 1330 852 mouente
1352 792 1474 852 taetum
1498 787 1545 872 ip·

262 901 369 966 osum,
391 894 499 952 manet
519 895 640 953 motum
662 891 705 955 ita
729 898 765 955 ut
785 893 970 956 mouebatur
991 892 1100 971 altero,
1124 897 1155 955 et
1176 890 1260 954 aliud
1275 890 1391 954 iterum
1405 890 1544 955 seeundo
1557 908 1586 950 ω

290 995 447 1054 mouetur:
475 989 509 1053 in
535 993 617 1057 hune
644 994 770 1058 modum
798 1002 829 1059 et
854 1016 961 1059 sensus
986 994 1156 1058 secundum
1179 992 1389 1077 operationem
1411 994 1544 1058 motatio

291 1091 444 1175 quaedam
467 1094 541 1158 dum
563 1095 614 1174 sit,
636 1105 802 1181 praeparat
823 1098 997 1182 passionem
1020 1118 1082 1161 non
1104 1096 1205 1160 solum
1220 1095 1427 1160 sentientibus
1441 1096 1546 1161 adhue

291 1195 495 1274 eistheteriis‚
520 1197 574 1261 sed
601 1199 697 1263 etiam
718 1200 833 1264 sentire
855 1200 1059 1278 cessantibus
1086 1200 1186 1263 inesse
1209 1205 1240 1262 et
1262 1198 1396 1262 multum
1420 1206 1452 1263 et
1474 1220 1545 1282 pro·

291 1298 399 1362 funde:
422 1298 522 1364 uoluti
541 1322 612 1365 eum
629 1311 675 1366 ost
690 1303 781 1380 color,
804 1303 907 1366 uisum
922 1303 1126 1366 immittentes
1142 1310 1264 1387 tempus
1279 1301 1415 1366 multum
1430 1301 1545 1366 deinde

252 1416 277 1460 ιο
290 1408 531 1467 transmetantos
553 1404 586 1467 in
608 1404 703 1483 aliud,
726 1405 788 1468 tale
812 1405 953 1469 uidemus
975 1403 1146 1468 secundum
1165 1405 1197 1468 in
1213 1404 1428 1488 quodcumque
1443 1412 1544 1469 trans

291 1505 485 1588 posuerimus
508 1506 620 1584 uisum,
644 1506 743 1590 qualis
765 1512 837 1572 ante
861 1507 980 1591 accepti
1003 1513 1069 1570 erat
1088 1507 1184 1571 eolor:
1208 1513 1239 1570 et
1254 1507 1293 1571 ad
1307 1507 1404 1571 solem
1420 1528 1546 1592 quoqne

290 1590 474 1691 aspioibntes
496 1608 611 1672 autad
635 1607 717 1672 aliud
742 1610 817 1693 quid
844 1610 961 1682 elatum
987 1610 1044 1674 hoe
1070 1610 1221 1694 patimur;
1249 1609 1430 1674 coniuentes
1456 1610 1586 1674 enimse

291 1710 394 1774 oeulos
415 1711 551 1794 primum
575 1711 698 1794 quidem
724 1711 856 1776 colorem
879 1712 1013 1776 eundem
1034 1711 1187 1790 uidemus
1210 1711 1322 1775 deinde
1345 1712 1427 1795 quod
1446 1733 1544 1797 appa-

289 1814 447 1877 ret·nobis
470 1814 501 1876 in
525 1814 655 1877 rubeum
678 1820 828 1895 motatur,
856 1822 887 1879 et
912 1815 1027 1878 iterum
1048 1813 1131 1878 uisui
1154 1815 1189 1878 fe
1211 1835 1415 1898 purpureum,
1442 1835 1543 1899 usque

249 1929 275 1974 ιο
290 1914 364 1979 dum
387 1916 421 1979 in
443 1916 565 1998 nigrum
587 1916 695 1981 ueniat
718 1917 850 1981 colorem
875 1917 970 1982 etsie
993 1922 1168 1981 euaneseet.
1213 1916 1270 1980 hoe
1297 1924 1401 1980 autem
1429 1917 1544 1981 aeeidit

290 2027 322 2083 et
337 2019 417 2082 cirea
433 2019 576 2083 auditum
593 2026 624 2083 et
639 2017 772 2083 aliomm
788 2019 1038 2084 eistheteriorum
1053 2018 1307 2102 unumquodque.
1340 2020 1543 2108 menifestum

291 2123 385 2204 igitur
418 2121 571 2203 quomodo
606 2128 692 2186 entra
725 2122 923 2187 sensibilibus
955 2122 1171 2187 recedentibus
1198 2129 1360 2186 remanent
1386 2122 1542 2206 quaedam

289 2245 449 2288 sensorum
471 2223 504 2286 in
524 2223 720 2304 eistheteriis‚
744 2230 775 2288 et
791 2224 901 2289 horum
917 2211 1070 2309 quaedam
1085 2224 1212 2308 quidem
1227 2224 1362 2303 confusa,
1385 2224 1541 2309 quaedam

288 2347 362 2391 uero
390 2326 487 2409 magis
513 2325 654 2390 discreta.
698 2348 753 2411 per
778 2327 837 2391 hoe
864 2349 934 2411 ergo
960 2348 1023 2392 non
1049 2326 1149 2392 solum
1175 2326 1373 2410 uigilantium
1395 2333 1500 2393 motus
1521 2344 1584 2393 εει

237 2550 247 2601 l
274 2549 381 2601 Aristot.
400 2549 520 2602 459124:
544 2551 576 2602 τὰ
594 2551 640 2619 γάρ
659 2548 766 2620 αἰσθητὰ
784 2548 845 2603 καθ’
867 2551 972 2604 ἕκαστον
990 2547 1152 2619 αἰσθητήριον
1169 2548 1229 2617 ἡμῖν
1248 2549 1390 2617 ἐμποιοῦσιν
1409 2550 1531 2623 αίσθησιν,
1551 2555 1597 2606 καί

234 2636 263 2689 τὸ
282 2637 410 2707 γινόμενον
429 2635 473 2689 ὕπ’
489 2636 573 2689 αὐτῶν
592 2635 671 2695 πάθος
690 2637 719 2689 οὐ
733 2637 809 2706 μόνον
828 2638 959 2711 ἐνυπάρχει
979 2638 1068 2694 ἐντοῖς
1081 2633 1251 2707 αἰσθητηρίοις
1269 2637 1421 2707 ένεργουοιῦν
1439 2645 1492 2691 τῶν
1506 2639 1597 2710 αἰσθή-

234 2740 312 2789 σεων,
339 2723 404 2777 ἀλλὰ
427 2725 470 2776 καὶ
493 2723 656 2777 ἀπελθουοῶν
782 2727 799 2777 4
827 2725 858 2777 σί.
883 2727 991 2778 Aristot.
1014 2723 1123 2776 459⁸29
1253 2724 1269 2777 6
1297 2725 1400 2794 sensus]
1424 2727 1461 2779 Id.
1484 2727 1596 2781 459124:

234 2811 319 2882 ἐπειδὴ
338 2810 470 2870 όλλοίωῄ
487 2830 524 2870 τις
544 2812 559 2882 η
578 2817 639 2864 κατ’
659 2812 781 2884 ἐνέργειαν
800 2811 921 2883 αἴσθησις,
940 2813 1035 2880 ἀνάγκη
1054 2816 1128 2863 τοῦτο
1147 2810 1298 2880 συμβαίνειν.
1326 2810 1364 2863 διὸ
1381 2812 1410 2865 τὸ
1428 2812 1511 2873 πάθος
1527 2814 1596 2867 ἐστίν

234 2898 264 2952 οὐ
283 2899 359 2967 μόνον
377 2899 403 2951 έν
422 2897 609 2967 αίσθανομένοις
627 2906 679 2958 τοῖς
696 2898 878 2971 αἰσθητηρίοις,
897 2898 961 2951 ἀλλὰ
979 2901 1022 2952 καί
1040 2899 1066 2952 έν
1085 2900 1263 2967 πεπαυμένοις,
1283 2902 1326 2954 καὶ
1345 2902 1370 2954 ἐν
1390 2898 1461 2971 βάθει
1479 2903 1524 2955 καί
1542 2903 1596 2956 έπι·

235 2986 314 3055 πολῆς
419 2987 435 3038 9
458 2988 608 3053 ueluti]1d.
627 2987 749 3039 eoobll:
768 2985 817 3038 κᾶν
835 2986 896 3058 πρὸς
914 2986 940 3038 ἓν
959 2993 1051 3057 γριῦμα
1070 2985 1148 3039 πολὺν
1165 2989 1257 3061 χρόνον
1277 2987 1445 3059 βλέψωμενή
1464 2988 1557 3041 λευκόν
1578 2988 1595 3061 ὴ

235 3072 345 3147 χλωρόν,
362 3080 477 3127 τοιοῦτον
490 3076 603 3144 φαίνεται
621 3073 662 3145 ἐφ’
680 3072 740 3144 ὅπερ
759 3073 789 3126 ἂν
807 3074 854 3142 τὴν
874 3072 931 3143 όψιν
945 3072 1136 3143 μεταβάλωμαι.
1164 3074 1212 3127 κᾶν
1231 3074 1291 3145 πρὸς
1309 3075 1354 3128 τὸν
1366 3075 1437 3146 ἥλιον
1456 3075 1597 3146 βλέψαντες

193 3164 202 3187 '
235 3161 251 3232 ἡ
271 3160 333 3214 ἄλλο
350 3180 374 3213 τι
393 3160 506 3235 λαμπρὸν
530 3161 663 3231 μῦσωμεν,
685 3163 874 3238 παρατηρήσασι
897 3161 1011 3232 φαίνεται
1029 3161 1090 3214 κατ’
1112 3161 1266 3233 εέιθυωρίαν,
1288 3160 1305 3234 ᾖ
1325 3163 1454 3233 συμβαίνει
1471 3164 1518 3234 τὴν
1536 3164 1596 3233 ὄψιν

144 3284 147 3289 -
236 3249 304 3321 ὁρᾶν,
323 3254 423 3321 πρῶτον
442 3251 487 3318 μὲν
505 3255 618 3302 τοιοῦτον
637 3250 683 3318 τὴν
701 3248 792 3321 χρόαν,
812 3248 864 3301 είτα
882 3249 1032 3319 μεταβάλλει
1051 3249 1083 3308 εἰς
1102 3240 1231 3318 φοινικοῦν
1248 3249 1355 3302 κᾶπειτα
1374 3256 1524 3323 πορφυροῦν,
1546 3251 1598 3310 έως
1685 3278 1693 3289 ·

236 3337 265 3390 ἂν
285 3338 318 3397 είς
336 3339 383 3408 τὴν
402 3337 519 3405 μέλαιναν
536 3337 597 3408 ἐλθη
617 3336 696 3411 χρόαν
715 3337 758 3389 καί
776 3335 901 3408 ἀφανισθῇ
1011 3338 1041 3389 17
1066 3338 1102 3390 Id.
1121 3338 1227 3390 rouel:
1251 3335 1395 3390 ίιποκείσθιυ
1414 3338 1441 3391 ἐν
1459 3340 1513 3407 μέν,
1530 3337 1597 3412 όπερ

236 3427 266 3478 ἐκ
284 3432 335 3478 τῶν
354 3427 491 3496 εἰρημένων
510 3426 628 3496 φανερόν,
654 3422 691 3477 ότι
710 3425 753 3476 καί
771 3422 923 3494 ἀπελθόντος
945 3429 991 3477 τοῦ
1008 3422 1117 3495 θύραθεν
1141 3423 1262 3494 αἰσθητοῦ
1281 3426 1382 3494 ἐμμένει
1399 3426 1431 3477 τὰ
1449 3423 1597 3495 αἰσθήματα

236 3512 344 3584 αἰσθητά
362 3512 423 3565 όντα
532 3513 562 3565 λθ
584 3513 621 3565 ld.
640 3511 765 3565 460b‘28:
785 3512 814 3564 έει
833 3510 863 3582 δὴ
882 3510 981 3564 τοότων
999 3512 1105 3583 φανερὸν
1124 3511 1161 3565 ότι
1179 3511 1208 3564 eb
1227 3512 1304 3580 μόνον
1322 3512 1494 3585 ἐγρηγορότων
1512 3513 1539 3565 αί
1557 3533 1597 3566 ιιι-

236 3603 318 3671 νήσεις
335 3600 360 3653 αἰ
378 3600 427 3653 ἀπό
446 3607 498 3653 τῶν
518 3598 682 3669 αἰσθημοίτων
702 3597 828 3667 γινόμεναι
848 3605 901 3650 τῶν
919 3618 947 3651 τε
965 3597 1074 3671 θθραθεν
1097 3602 1141 3652 καί
1163 3605 1215 3651 τῶν
1238 3600 1268 3652 έκ
1290 3604 1335 3652 τοῦ
1355 3599 1472 3668 σώματος
1490 3600 1597 3676 ἐνυπαρ-

236 3695 347 3763 γουσιῦν,
365 3687 429 3741 ἀλλὰ
447 3688 491 3740 καί
509 3685 569 3740 όταν
588 3689 688 3758 γένηται
706 3685 734 3738 τὸ
753 3685 833 3744 πάθος
851 3690 926 3738 τοῦτο
944 3685 1082 3740 θκαλεῐται
1100 3686 1184 3752 ὕπνος,
1203 3688 1247 3739 καὶ
1265 3685 1360 3755 μᾶλλον
1380 3685 1438 3739 τότε
1455 3688 1597 3758 φαίνονται.

238 3775 297 3845 μεθ’
318 3776 413 3847 ἡμέραν
438 3776 482 3844 μὲν
501 3776 547 3846 γάρ
571 3773 735 3845 ereptorem
759 3774 910 3845 ένεργουοιῦν
933 3780 985 3825 τῶν
1006 3772 1148 3843 αἰσθήσεων
1171 3775 1214 3826 καί
1236 3778 1283 3844 τῆς
1301 3772 1422 3839 διανοίας,
1445 3776 1489 3828 καί
1507 3776 1598 3845 ἀφανί-

237 3867 320 3927 ζονται
339 3863 424 3935 ὥσπερ
443 3864 509 3935 παρὰ
528 3860 592 3914 πολὺ
614 3867 663 3933 πῦρ
682 3860 784 3941 ἔλαττον
807 3861 851 3914 ιιαί
869 3860 944 3913 λῦπαι
966 3862 1011 3913 ειοιί
1028 3860 1114 3930 ηθοναέ
1133 3862 1220 3932 μιαραὶ
1239 3863 1305 3930 παρὰ
1324 3861 1446 3930 μεγάλας,
1468 3865 1598 3932 παυσαμέ-

238 3971 289 4004 νων
308 3951 333 4004 θ’
355 3950 496 4011 ἐπιπολάζει
515 3952 558 4003 καὶ
577 3952 609 4003 τὰ
624 3952 714 4022 μικρά·
734 3946 836 4021 νῦκτωρ
854 3949 880 4001 θέ
898 3947 931 4000 δι’
952 3947 1038 4018 ἀργίαν
1056 3954 1109 3999 τιῦν
1128 3949 1194 4000 κατὰ
1212 3947 1298 4017 μόριον
1317 3947 1458 4019 αἰσθήσεων
1476 3951 1521 4001 ιιαί
1538 3951 1599 4004 ete

238 4040 328 4108 ναμίαν
351 4043 397 4092 τοῦ
416 4039 533 4107 ἐνεργεῖν,
558 4037 644 4089 διὰτὸ
663 4038 692 4089 έα
715 4043 767 4088 τῶν
791 4034 840 4096 ἔξω
864 4036 898 4093 είς
920 4035 950 4089 τὸ
969 4034 1037 4092 ἐντὸς
1055 4032 1164 4105 γίνεσθαι
1189 4035 1236 4105 τὴν
1259 4041 1304 4088 τοῦ
1329 4034 1425 4110 θερμοῦ
1442 4035 1598 4107 παλίρροιαν,

240 4233 251 4284 1
283 4220 538 4276 ΑΙΕΘΗΤΗΡΙΟΝ
566 4227 602 4278 0²
624 4229 648 4277 in
671 4247 720 4278 rae.
861 4227 878 4278 2
910 4224 1026 4294 sensum]
1051 4240 1142 4278 sensus
1164 4224 1198 4276 G¹
1339 4226 1355 4278 3
1383 4227 1540 4282 eistheteriis
1562 4231 1600 4281 θ’

238 4321 262 4369 2¹„
287 4336 349 4369 m:
378 4308 619 4371 uyOEHTHPUC
644 4314 674 4363 II
802 4318 827 4365 ot
850 4333 927 4380 supra
945 4333 1010 4364 vers.
1032 4311 1055 4364 G
1186 4313 1269 4364 ueluti
1293 4312 1349 4382 ete]
1370 4333 1461 4380 ρνοεοε
1484 4317 1520 4366 itu
1536 4319 1599 4383 sere

236 4408 312 4467 sitisse
332 4404 444 4454 coniieio:
465 4402 515 4454 οίον
527 4402 558 4454 ἄν
576 4419 600 4453 τι
618 4400 712 4472 κινηθῇ
731 4400 774 4473 ὑφ’
791 4403 875 4474 ἐτέρου
894 4402 986 4471 μηκέτι
1003 4400 1029 4453 δέ
1042 4403 1170 4457 κινοῦντος
1188 4398 1217 4451 τὸ
1234 4397 1324 4473 θιχθέν
1342 4399 1412 4466 αὑτό,
1431 4403 1501 4470 μένει
1513 4402 1599 4456 κινοῦ-

238 4511 312 4562 μενον
331 4491 415 4562 ὥσπερ
434 4491 538 4542 ἐκινεῖτο
557 4491 595 4560 τῷ
614 4491 701 4561 ἑτέρῳ,
720 4490 762 4542 καί
781 4488 842 4541 ἄλλο
860 4487 933 4540 πάλιν
952 4486 984 4539 αὖ
1002 4494 1105 4539 κινεῖται
1210 4487 1226 4538 4
1246 4490 1316 4539 tactu
1337 4488 1370 4539 M
1383 4489 1500 4540 Doeboer

238 4581 254 4633 5
277 4585 375 4632 motum
394 4597 438 4629 om.
460 4577 495 4629 G¹
601 4578 617 4630 8
641 4578 796 4630 eisthetenis
818 4575 854 4627 6²
871 4577 895 4625 in
913 4593 963 4626 ras.
983 4574 1025 4626 M:
1047 4566 1295 4620 bYCOHTHPUC
1315 4574 1345 4624 H
1358 4575 1394 4641 (in
1412 4593 1470 4641 mys
1491 4575 1525 4628 al'
1545 4578 1599 4631 ais·

239 4667 340 4732 theriis)
456 4664 572 4717 9dolor
594 4665 627 4715 G¹
750 4667 781 4716 11
811 4663 894 4731 qualis
913 4667 972 4716 ante
990 4662 1091 4730 accepti
1110 4665 1164 4714 emt
1183 4660 1265 4730 color]
1289 4662 1305 4711 ι’.
1320 4679 1340 4711 e.
1359 4659 1409 4712 οἷον
1427 4661 1457 4715 τὸ
1475 4658 1524 4716 τοῦ
1540 4667 1600 4734 πρίν

1205 4756 1214 4790 ι

238 4803 446 4878 παραληφθέντος
463 4802 495 4873 ἧν
513 4809 607 4873 χρῶμα
715 4805 746 4857 14
764 4819 920 4872 perpureum
942 4800 965 4853 G
1074 4802 1105 4855 16
1125 4763 1305 4854 αἰείθεέἰοιιιιο
1325 4799 1383 4870 (εἰσ)
1405 4802 1440 4854 (2²
1458 4804 1483 4855 ia
1502 4823 1554 4856 ras.

241 4894 273 4947 18
292 4892 449 4946 αἰεέίιοίθῐίίε
471 4891 506 4942 G²
525 4893 549 4942 ιἰι
568 4910 620 4945 ras.
