3524 5596
296 319 550 376 ARISTOPHANIS
567 318 751 373 HISTORIAE
770 317 962 372 ANIMALIUM
983 316 1130 370 EPITODE
1149 317 1172 369 11
1194 315 1340 367 164-169
1456 316 1494 379 Π

194 494 293 558 λέαινα
308 493 368 557 εἶδε
383 492 431 554 καὶ
446 491 519 575 αὐτὴ
536 492 739 577 προσελθοῦσα
754 490 896 564 ἑπέσαινε,
920 489 968 552 καὶ
984 489 1063 573 ἑώρα
1078 487 1201 572 οἰκτρόν,
1223 489 1271 551 καὶ
1288 488 1443 573 ἀνέβλεπεν

194 597 233 665 εἰς
254 597 307 680 τὴν
329 595 442 679 ἄρκτον.
481 596 601 658 συνιδὼν
624 591 674 657 οὖν
697 595 712 656 δ
734 593 888 677 ἅνθρωπος
910 593 957 655 καί
981 591 1136 675 συμβαλὼν
1159 591 1319 676 ἠδικῆσθαί
1334 616 1359 654 τι
1382 589 1443 653 τού·

194 722 258 768 τςου
280 698 310 767 ἐξ
332 697 491 781 ἐκείνης,’
475 721 516 765 ως
538 696 602 781 εἶχε
625 697 779 781 βιόμηςτε
748 697 849 758 ·εκαὶ
872 698 990 780 χειρῶν,
1013 692 1148 762 ἐξέκοπτε
1170 695 1350 778 τδδίνδρον.
1396 694 1442 756 καὶ

193 801 373 885 τδαίνμὲνε
358 802 480 884 ετραίπη,
502 800 577 884 ἠδὲ
599 823 652 862 κατ
654 822 705 884 ηνε
697 798 783 884 ’χθη·
815 798 900 859 καὶ
885 820 928 860 οιε
930 797 1076 860 σπείσαντα
1099 797 1126 858 οἱ
1150 796 1266 880 θῆρες’
1261 797 1366 881 αὐτήν·
1395 795 1443 859 τόν

164 920 223 967 στε
244 903 426 1067 ἄνθρωπονἐ
421 902 528 966 δλέων
551 902 653 985 ἀπαθῆ
670 925 701 964 τε
723 901 811 964 καί
794 921 878 983 ασινη
902 901 986 962 ποίλιν
1009 899 1186 982 ἐπανεβεγαγν
1207 900 1249 968 είς
1263 900 1311 963 τὸν
1335 906 1443 985 χῶρον,
1487 887 1490 891 ’

193 1006 227 1070 ού
250 1029 288 1090 πρ
273 1004 426 1090 ρότερονέ
427 1004 544 1097 νέτυχεν
566 1004 661 1090 αότιγῖ,
683 1005 731 1067 καὶ
753 1002 888 1066 ἀπέδωκε
873 1007 1001 1085 ετῇς
971 1001 1040 1071 δί’
1023 1025 1119 1125 αρχης
1142 1003 1289 1128 ύλρτομίηι.

277 1108 371 1191 (165)
402 1107 491 1171 Αύκω
518 1106 652 1234 συννόμυρ
674 1107 722 1169 καὶ
744 1106 839 1179 ἵππω,
865 1104 964 1167 λέοντέ
986 1127 1018 1187 γε
1045 1104 1102 1186 μὴν
1125 1103 1193 1167 ούκέ
1195 1128 1234 1167 τ·ι
1269 1105 1368 1168 λέαινα
1389 1104 1442 1188 γὰρ

193 1213 241 1275 καί
262 1210 338 1274 λέων
361 1208 428 1273 ούτε
449 1210 501 1293 τὴν
523 1209 613 1293 αὐτὴν
637 1208 710 1272 ἴασιν
734 1206 857 1271 ούτεπ
820 1207 857 1270 ἐπ
858 1208 869 1270 1
892 1208 994 1291 θήρας.
1020 1205 1024 1290 ]
1426 1223 1498 1268 ιυνίι

274 1313 369 1396 (166)
401 1311 541 1396 [Γοιαύτα
564 1313 641 1396 ὥραν
663 1311 807 1375 τίθεσθαι.
852 1311 898 1372 δεῖ
921 1310 953 1372 88
976 1309 1011 1372 τὰ
1034 1310 1085 1393 μὲν
1108 1311 1261 1395 προσθίδια
1284 1313 1368 1375 τούδε
1391 1316 1441 1374 τού

153 1433 183 1478 10
195 1413 277 1503 ζῴου
300 1417 369 1500 πυρὶ
392 1415 608 1508 ἀποκρίνεσθαι,
632 1415 714 1478 ύδατι
734 1412 821 1496 μόνον
843 1413 880 1474 τὰ
901 1410 1045 1497 κατόπιν]
1351 1422 1355 1430 “

278 1517 370 1601 (167)
397 1515 433 1583 Ὁ
456 1516 533 1581 κύων
556 1517 618 1581 ἐστὶ
641 1517 691 1599 μὲν
714 1517 762 1579 καὶ
784 1516 871 1584 αότδς
887 1515 1089 1601 καρχαρόδους
1110 1519 1159 1581 καί
1182 1518 1373 1602 πολυσχιδής,
1396 1518 1443 1602 βα-

192 1623 262 1695 δίζει
284 1622 318 1684 88
338 1620 413 1685 κατὰ
434 1622 599 1704 διάμετρον·
633 1618 746 1704 κρανίον
769 1615 794 1682 δ’
815 1615 879 1702 ἔχει
903 1617 1058 1702 μονόστουν
1081 1622 1128 1684 καὶ
1151 1621 1290 1706 ἄρραρον,
1312 1624 1441 1703 γλῶτταν

192 1726 225 1788 δὲ
246 1721 310 1809 ἔχει
331 1723 438 1807 λεπτὴν
460 1723 509 1785 καί
532 1723 654 1807 μακράν.
730 1719 823 1804 (168)
845 1721 986 1805 διωχθείς
1008 1723 1041 1786 δὲ
1057 1720 1119 1807 ἔχει
1141 1724 1193 1807 τὴν
1209 1723 1317 1786 κοιλίαν
1342 1725 1443 1807 στενὴν

193 1829 240 1890 καί
263 1825 377 1910 μικροίν,
399 1824 572 1910 ἐντεροειδῆ,
595 1829 766 1909 παρεμφερῆ
782 1827 819 1906 ιγ]
835 1827 886 1885 τού
903 1824 1077 1908 ἀνθρώπου·
1104 1827 1250 1909 πνεύμονα
1270 1826 1442 1910 ὀκταλοβον·

152 1946 180 1990 15
193 1928 249 1993 ἴσοι
264 1929 301 1991 τὰ
317 1928 427 2013 μεγέθη
443 1927 527 1991 πέντε
545 1928 579 1991 ἐκ
595 1927 692 1997 δεξιῶν
711 1927 792 2012 λοβοὶ
806 1926 945 2010 καίτρείς
961 1926 991 1997 ἐξ
1005 1928 1176 2013 ἀριστερῶν·
1200 1929 1279 2013 ἧπαρ
1295 1929 1444 2014 ἑξοίλοβον,

134 2024 137 2029 ’
192 2030 312 2096 λευκόν·
345 2031 463 2115 καρδίαν
486 2030 674 2115 στρογγύλην·
705 2031 740 2093 τὰ
763 2028 789 2093 8‘
810 2028 886 2093 ἄλλα
907 2031 1060 2115 σπλάγχνα
1082 2033 1116 2095 08
1139 2031 1217 2116 παρὰ
1240 2031 1363 2115 μέγεθος
1386 2034 1443 2094 δια-

194 2135 328 2221 φέροντα.
408 2133 502 2216 (169)
523 2132 645 2218 ἄρχεται
668 2134 700 2197 δὲ
722 2134 738 2195 8
762 2133 814 2216 μὲν
838 2132 928 2216 ἄρρην
951 2133 1065 2218 ὀχεύειν
1087 2137 1239 2218 γενόμενος
1261 2135 1444 2208 ἐνιαυσιαῖος,

193 2239 213 2320 ίη
233 2237 266 2300 δὲ
288 2237 393 2320 θήλεια
416 2235 541 2320 βαίνεται
563 2236 764 2319 ὀκταμηνιαία.
802 2236 941 2320 ἐπιβαίνει
963 2236 996 2299 δὲ
1018 2237 1102 2319 ὁμὲν
1124 2237 1214 2322 ἄρρην
1237 2241 1333 2301 πᾶσαν
1356 2238 1445 2321 ὥραν,

140 2484 157 2536 ’ί
175 2482 259 2552 λύαω]
278 2485 334 2537 Αεί.
344 2488 399 2537 nat.
409 2484 488 2535 anim.
500 2480 561 2534 1v3
579 2481 750 2550 (ρ.8·2,6-8
763 2483 866 2546 Herch.)
978 2483 994 2535 9
1012 2484 1075 2538 haee
1093 2485 1222 2552 particula
1240 2485 1309 2538 unde
1328 2485 1430 2538 divulsa
1448 2486 1498 2537 huc

139 2572 223 2625 inlata
241 2572 277 2624 sit
296 2559 384 2624 neseio
504 2570 533 2622 11
559 2570 740 2640 καρχαρόδους]
760 2572 839 2623 νυνι.
853 2571 912 2623 hist.
927 2572 1007 2624 anim.
1020 2569 1067 2624 131
1087 2592 1112 2639 p.
1124 2572 1231 2625 ωιιιο
1255 2574 1286 2625 τι
1305 2575 1350 2641 μιν
1369 2574 1420 2626 εστι
1438 2591 1498 2644 ιερ-

138 2658 280 2729 χαρόδοντα
299 2657 392 2723 αέντῶν,
410 2658 459 2711 οἶον
477 2657 543 2710 λε’ων
561 2658 604 2709 καί
622 2656 740 2727 πάρδαλις
758 2659 802 2710 καί
820 2656 889 2711 κύων
987 2659 1149 2731 πολυσχιδής]
1168 2661 1248 2713 Arist.
1261 2666 1327 2728 part.
1341 2662 1420 2713 anim.
1435 2657 1453 2712 Γ
1467 2661 1498 2712 12

138 2763 166 2815 p.
178 2746 267 2800 67421
292 2747 325 2799 τὰ
343 2746 369 2799 δέ
387 2744 525 2815 πολυσχιδῆ
539 2780 546 2794 .
560 2780 567 2794 .
580 2781 587 2793 .
600 2745 650 2798 οίον
668 2744 696 2804 ύς
714 2746 758 2797 καί
776 2743 908 2815 ἅνθρωπος
926 2746 970 2797 καί
988 2745 1058 2798 κύων
1187 2748 1226 2799 11.
1243 2747 1273 2798 12
1297 2747 1399 2816 βαδίζει]
1419 2748 1499 2800 Arist

138 2835 200 2888 hist
213 2831 358 2887 anim.A5
376 2849 402 2901 p.
415 2832 507 2886 4901>ss
530 2834 611 2885 πάντα
628 2832 655 2885 δέ
676 2840 778 2886 κινεῖται
797 2832 903 2901 ὁμοίως,
924 2833 956 2885 τὰ
978 2835 1116 2904 τετράποδα
1137 2836 1180 2888 καί
1198 2834 1339 2888 πολύποδα·
1364 2835 1430 2887 κατὰ
1448 2834 1499 2888 διοί-

138 2940 229 2993 γεετρον
247 2923 295 2991 γιίρ
313 2928 415 2974 κινεῖται
559 2920 590 2973 12
614 2919 726 2990 κρανίον]
748 2921 828 2973 Arist.
846 2922 864 2974 l.
878 2920 928 2973 c.7
947 2938 973 2989 p.
986 2921 1093 2974 516·16
1117 2924 1148 2975 τὰ
1167 2923 1275 2991 μὲνγὰρ
1295 2923 1347 2993 ἐχει
1366 2923 1499 2991 μονόστεον

137 3008 168 3061 τδ
185 3010 295 3078 κρανίον,
314 3007 398 3079 ὥσπερ
416 3006 486 3060 κύων
621 3007 744 3080 ἅρμαρον]
763 3006 795 3060 cf.
813 3007 869 3060 λεί.
880 3013 934 3059 nat.
948 3010 1027 3060 anim.
1041 3010 1077 3061 IV
1087 3010 1122 3062 40
1141 3012 1176 3078 (p.
1188 3009 1270 3075 9812
1290 3011 1393 3075 Horeb.)

138 3095 266 3165 γλῶτταν]
286 3096 356 3149 unde
374 3095 479 3149 ductum
499 3094 564 3148 hoe?
706 3095 737 3148 13
760 3094 867 3159 κοιλίαν]
887 3096 968 3148 Arist.
982 3097 1042 3148 hist.
1055 3098 1134 3149 anim.
1148 3094 1170 3149 B
1184 3097 1214 3148 17
1233 3113 1259 3165 p.
1271 3097 1380 3150 507819
1404 3099 1435 3151 τὰ
1454 3101 1500 3168 μὲν

139 3183 192 3253 ἐχεε
211 3184 289 3252 μείζω
306 3184 354 3254 τὴν
371 3182 475 3246 κοιλίαν,
494 3181 578 3252 ὥσπερ
596 3181 624 3241 ύς
642 3185 686 3236 καί
704 3183 795 3253 ἄρκτος
814 3184 868 3246 (καί
885 3181 942 3251 ἥγε
960 3186 1006 3252 τῆς
1024 3182 1065 3242 ύδς
1084 3183 1168 3253 ὀλίγας
1186 3185 1239 3255 ἔχει
1255 3185 1321 3244 λείας
1334 3185 1450 3250 πλάκας),
1468 3189 1500 3240 τιί

138 3270 166 3323 δέ
189 3269 252 3323 πολύ
275 3269 372 3324 ἐλάττω
394 3273 438 3324 καί
460 3271 489 3324 ού
512 3269 599 3339 πολλῷ
622 3270 699 3338 μείζω
722 3274 767 3322 τοῦ
790 3270 900 3338 ἐντέρου,
923 3268 1037 3342 καθάπερ
1060 3271 1130 3323 κύων
1152 3274 1196 3325 καί
1213 3272 1278 3325 λέων
1297 3275 1340 3326 καί
1358 3272 1499 3344 ἅνθρωπος.

139 3357 173 3418 εί.
191 3360 259 3426 part.
271 3359 351 3410 anim.
365 3354 385 3410 Γ
397 3359 428 3410 14
446 3375 472 3426 γι.
485 3357 592 3410 675·⁴29
616 3357 633 3427 ε]
651 3357 678 3410 δέ
695 3362 741 3428 τῆς
759 3357 833 3416 κυνδς
855 3359 933 3430 μικρὰ
953 3357 983 3410 τό
1006 3357 1111 3426 μέγεθος
1133 3360 1176 3411 καὶ
1195 3359 1224 3410 ού
1247 3359 1310 3412 πολύ
1332 3366 1377 3413 τοῦ
1400 3363 1499 3434 ἐντέρου

139 3442 329 3514 ὑπερβάλλουσα
345 3447 389 3498 καί
400 3445 453 3498 λεία
466 3447 498 3498 τὰ
511 3445 578 3503 ἐντός
667 3446 699 3497 14
717 3443 1033 3515 πνεύμονα-διαφέροντα
1047 3445 1112 3514 (17)]
1131 3448 1189 3514 quis
1206 3444 1314 3501 auctor?
1407 3450 1436 3500 17
1456 3450 1499 3519 ἅρ-

139 3530 223 3601 χεταε]
245 3533 325 3585 Arist.
337 3534 398 3586 hist.
411 3535 490 3587 anim.
504 3530 525 3586 Ε
539 3534 570 3585 14
589 3549 614 3601 p.
628 3531 720 3586 5458ss
743 3531 814 3584 κύων
835 3532 854 3585 δ’
871 3532 906 3592 ὡς
926 3534 967 3586 ἐπί
989 3533 1018 3586 τδ
1040 3533 1103 3586 πολὺ
1125 3535 1170 3602 μὲν
1191 3534 1305 3605 ὀχεύεται
1326 3537 1433 3590 ἐνιαυσία
1455 3541 1500 3592 καί

139 3617 221 3690 ὀχεύει
240 3618 371 3684 ἐνιαύσιος,
393 3619 470 3673 ἐνίοτε
488 3620 514 3674 δέ
534 3620 660 3689 συμβαίνει
678 3624 757 3673 ταῦτα
777 3621 821 3673 καί
839 3621 1003 3690 ὀκταμήνοις·
1029 3620 1123 3689 μᾶλλον
1141 3620 1167 3673 δέ
1185 3627 1259 3676 τούτο
1278 3624 1367 3692 γίνεται
1389 3624 1500 3676 ἐπὶτῶν

139 3707 251 3778 ἀρρένων
268 3705 285 3778 ἦ
304 3713 357 3759 τῶν
374 3706 483 3778 θηλειῶν
594 3707 624 3761 18
643 3708 772 3778 ἐπιβαίνει]
791 3710 872 3762 Arist.
889 3709 906 3760 Ι.
919 3726 942 3760 c.
953 3707 976 3761 Z
989 3709 1020 3761 18
1038 3726 1064 3777 p.
1077 3708 1167 3762 57225
1185 3710 1217 3762 τὰ
1235 3709 1261 3761 δὲ
1280 3709 1399 3769 πολλάκις
1417 3711 1499 3764 ποιού-

140 3812 202 3863 μενα
220 3795 265 3853 τὰς
284 3793 368 3864 ὀχείας
386 3795 481 3866 καὶμὴ
500 3795 566 3848 κατὰ
584 3795 642 3864 μίαν
661 3794 738 3865 ὥραν,
757 3795 807 3848 οίον
824 3797 857 3849 τὰ
875 3794 1136 3864 συνανθρωπευόμενα,
1154 3794 1195 3855 ύες
1212 3816 1240 3850 τε
1258 3799 1301 3850 καί
1319 3796 1451 3856 κύνες...
1466 3799 1500 3852 20

140 3897 166 3950 p.
179 3881 289 3935 574130
312 3882 382 3935 δοκεῖ
397 3882 424 3936 δέ
441 3883 533 3944 σκυίᾶν
551 3881 593 3935 τδν
612 3881 664 3935 ίσον
681 3882 770 3954 χρόνον
787 3882 865 3936 κύων.
895 3884 927 3936 τὰ
945 3883 971 3936 δὲ
989 3884 1132 3953 καταμήνια
1154 3891 1207 3943 ταῖς
1225 3885 1295 3936 κυσίν
1317 3886 1379 3938 ἑπτὰ
1396 3886 1500 3959 ἡμέραις

140 3968 243 4037 γίνεται·
269 3969 397 4039 συμβαίνει
414 3969 434 4024 δ’
449 3969 502 4038 ἅμα
520 3971 564 4022 καί
582 3969 682 4040 ἔπαρσις
703 3969 804 4023 αέδοίου.
838 3969 863 4022 ἐν
885 3969 911 4022 δὲ
930 3974 969 4040 τῴ
990 3971 1072 4040 χρόνῳ
1094 3969 1175 4039 τούτῳ
1197 3971 1226 4024 ού
1247 3973 1385 4043 προσίενται
1407 3972 1500 4043 ὀχείαν,

65 4098 76 4119 ,
141 4055 193 4109 ἀλλ’
206 4058 231 4110 ἐν
243 4063 298 4116 ταῖς
316 4058 379 4126 μετὰ
390 4055 483 4115 ταύτας
496 4057 559 4110 §md
575 4058 693 4128 ἡμέραις·
714 4059 759 4117 τὰς
775 4059 822 4128 γὰρ
841 4060 921 4117 πόσας
939 4058 1008 4110 δοκεῖ
1020 4059 1111 4119 σκυζᾶν
1129 4058 1224 4129 ἡμέρας
1241 4061 1360 4130 τέτταρας
1378 4062 1422 4113 καὶ
1437 4060 1499 4114 δέκα

45 4294 49 4301 “
147 4288 240 4343 lanto
258 4288 306 4342 282
323 4290 434 4359 ingemit
452 4288 487 4349 ιύς
506 4290 618 4344 Ηετοίιεε
741 4291 851 4344 ἐπέσαινε
870 4291 905 4343 D:
929 4289 1080 4360 ύπεαήμαινε
1099 4291 1169 4344 Λεία
1196 4291 1310 4346 ύπίσαινε
1328 4294 1422 4347 Reiske

147 4376 195 4429 1.2
216 4377 351 4448 ἀνέβλεπεν
369 4377 403 4436 τίς
421 4378 490 4431 Aah:
514 4377 649 4448 ἀνέβλεπεν
667 4378 701 4438 είς
719 4380 754 4431 D:
778 4379 896 4448 ἀνέβλεπε
914 4378 975 4447 πρὸς
992 4378 1106 4431 Ηεεαίιοτ
1206 4380 1222 4432 θ
1246 4379 1383 4451 ἠδικῆσθαί
1400 4400 1424 4434 τι
1442 4381 1498 4435 τού-

143 4481 198 4523 τους
216 4466 288 4519 Aah:
309 4463 447 4535 ηδικεῐσθαι
464 4466 489 4517 τί
506 4468 635 4519 τούτονΙ)
741 4466 899 4527 θέξέκοπτε
916 4467 951 4518 D:
975 4465 1079 4536 ἐξέκοψε
1098 4467 1155 4520 Λοί.
1257 4468 1499 4523 4διεστοίσαντοΙ)

143 4550 199 4605 libr.
213 4552 283 4605 Ad:
301 4551 434 4605 διέσπασαν
451 4553 507 4606 τότε
524 4557 593 4623 Aug.
607 4554 758 4607 Schneider:
778 4554 939 4607 διεσπάσαντό
956 4572 983 4623 γε
1000 4554 1112 4607 Hercher
1212 4555 1266 4608 45
1285 4557 1327 4609 τόν
1344 4576 1371 4609 τε
1389 4559 1410 4609 D
1430 4560 1498 4611 dela

143 4637 185 4691 τδν
202 4639 229 4692 δέ
247 4640 361 4693 Hercher
449 4640 572 4694 Ἰλίοντί
591 4642 661 4695 Λαίς
685 4641 805 4694 λίοντίί)
894 4639 990 4697 8ούτε
1007 4643 1054 4711 τὴν
1071 4642 1093 4693 D
1113 4642 1183 4694 Αυλι
1205 4642 1234 4695 ού
1254 4644 1365 4697 Ιίοετίιοτ
1452 4644 1499 4715 θή-

143 4743 185 4795 ρας
203 4727 273 4780 Αολι
297 4726 377 4798 θῆρας
395 4728 430 4779 D:
454 4725 534 4797 θήραν
554 4730 665 4782 Ποτοίιοτ
775 4727 832 4782 οότε
850 4729 960 4798 πιόμενοι
978 4729 1079 4781 addidit
1098 4730 1225 4791 Aelianus
1343 4733 1375 4784 14
1399 4735 1498 4806 μικράν,

143 4814 276 4884 ἐντεροειδῆ
295 4816 400 4882 scn'psi:
426 4817 524 4886 μακρὰν
543 4816 706 4886 ἑτεροειδηΙ)
821 4817 907 4869 1415
931 4816 1082 4887 ὀκτάλοβον·
1107 4816 1153 4870 [σοι
1172 4820 1276 4886 scripsi:
1299 4819 1329 4872 ὀύ
1348 4821 1498 4892 κατάλοβον.

141 4898 181 4956 1σα
199 4903 222 4956 1)
245 4950 250 4957 .
337 4902 367 4955 16
392 4901 494 4974 καρδίαν
512 4902 664 4975 στρογγύλην
682 4905 787 4972 scripsi:
811 4903 900 4976 καρδία
918 4905 1053 4976 στρογγύλη
1074 4906 1097 4958 D
