3510 5610
199 287 259 351 124
353 282 602 338 ARISTOPHANIS
621 282 806 336 piscosi-is
827 282 1018 336 irrisimus
1036 282 1185 335 sl‘l'rornr
1202 283 1228 335 11
1244 280 1394 337 ssi-472

250 480 333 539 μεναι
352 463 405 540 τῆς
423 459 524 525 νυκτὸς
543 458 633 540 ὁρῶσι
648 456 720 540 πρὸς
735 456 801 524 τοὺς
817 455 940 540 ἀστέρας
961 456 1009 518 καὶ
1024 454 1106 519 ἴσασί
1117 478 1180 523 πως
1195 455 1244 517 τὸν
1259 454 1375 519 ἐκείνων
1390 456 1499 543 δρόμον

249 559 424 646 ἐξακριβοῦν.
463 560 564 643 ἀμέλει
586 584 630 623 τοι
651 560 699 622 καί
718 558 799 622 Ἰνδοὶ
822 558 933 642 μακράν
957 558 1089 626 ἀνύοντες
1111 556 1205 641 τριβον
1227 558 1360 643 καθάπερ
1383 560 1501 644 ὁδηγοῖς

249 662 363 731 ταύταις
386 662 513 731 ’έαυτοὺς
543 662 744 746 ἐπιτρέψαντες
774 661 835 723 εἶτα
864 662 916 742 τἠν
946 664 1077 745 χρυσῖτιν
1107 660 1219 723 ἐκεῖθεν
1249 666 1306 723 τῶν
1336 664 1499 748 μυρμήκων

250 764 418 828 ἀποσυλῶσι
436 771 500 848 γῆν.
582 765 675 846 (468)
697 764 809 846 λέγεται
828 760 852 826 δ’
871 761 919 825 οὑν
943 764 961 845 η
982 763 1113 845 κάμηλος
1135 761 1265 845 ἀραμένη
1282 761 1388 847 φόρτον
1410 766 1500 837 eiiii<

222 866 381 939 ούκλάζειν
407 869 455 930 καὶ
481 865 518 930 αὑ
546 868 771 935 ὑπανίστασθαι,
799 865 963 951 πειρωμένη
990 866 1026 947 δή
1049 888 1111 932 πως
1135 864 1162 926 εἰ
1183 863 1329 947 εὐάγωγον
1351 867 1428 952 αὐτῇ
1452 869 1498 953 εἴη

248 970 281 1031 τὸ
301 969 405 1053 ἄχθος,
427 971 475 1033 καὶ
497 971 522 1032 εἰ
542 970 672 1033 αἴσθοιτο
693 973 791 1048 μεῖζον
811 967 842 1030 όν
863 969 882 1050 ᾖ
903 967 976 1030 κατά
994 965 1111 1049 δύναμιν
1134 967 1233 1050 φεύγει
1255 966 1258 1051 i
1279 969 1327 1032 καὶ
1347 970 1553 1037 craias-carri

249 1094 326 1133 νεται
347 1073 394 1134 καὶ
417 1072 469 1135 οὐκ
485 1071 519 1135 ἀν
535 1074 633 1155 ἱζῆσαι
655 1072 799 1153 πεισθείη,
822 1069 890 1133 οὐδὲ
905 1070 1003 1153 ἀροίτο
1028 1068 1061 1131 ἀν
1076 1070 1125 1131 τόν
1142 1069 1248 1153 φόρτον
1269 1070 1323 1135 κάν
1338 1073 1364 1135 εἰ
1381 1078 1500 1146 πολλοῖς

247 1172 337 1256 αὑτὴν
368 1175 502 1258 ῥοπάλοις
534 1173 701 1258 συγκόψαις.
750 1173 835 1235 ’δοκόν
862 1173 894 1234 δὲ
922 1172 1061 1254 μηκίστην
1088 1171 1213 1253 ἄγουσα,
1247 1174 1331 1255 ἡνίκα
1364 1175 1416 1239 δάν
1449 1180 1498 1242 καὶ

249 1276 380 1359 βούλοιτο
410 1278 585 1354 συνθλάσαι,
616 1274 749 1359 πρόνοιαν
780 1278 902 1337 ποιεῖται
931 1278 983 1356 τῆς
1010 1278 1140 1357 κεφαλῆς
1170 1277 1210 1359 μὴ
1241 1278 1288 1338 καὶ
1320 1285 1498 1362 προσπῖπτον

209 1393 234 1437 ιο
247 1377 323 1461 αὐτῇ
339 1381 459 1463 λυπήση
480 1380 513 1441 τὸ
530 1378 624 1447 ξύλον·
656 1380 706 1460 τἠν
722 1382 790 1459 γοῦν
813 1377 903 1458 κάρον
927 1374 1074 1459 ἑτέρ<ωθ>ι
1096 1377 1221 1441 νεύσασα
1243 1379 1343 1449 δεξιῶς
1364 1382 1499 1467 ἐκφεύγοι

247 1483 299 1563 τἠν
316 1482 435 1565 βλάβην.
521 1480 614 1563 (469)
636 1480 729 1565 ἄγριοι
745 1480 841 1561 μέντοι
860 1479 906 1541 καὶ
923 1478 1134 1562 ἀνσηίνίασ>τοί
1146 1482 1200 1543 εἰσι
1224 1480 1335 1565 σφόδρα
1357 1487 1423 1568 περὶ
1445 1490 1498 1571 τὴν

249 1584 348 1667 ὀχείαν
372 1581 450 1652 όντες
472 1585 499 1645 οἱ
522 1582 653 1668 ἄρρενες,
676 1584 723 1646 καὶ
750 1583 803 1645 οὐκ
826 1582 860 1645 ἄν
883 1605 923 1650 τις
945 1579 1068 1664 αὑτ<οίς>
1091 1584 1261 1663 προσελθὼν
1283 1608 1302 1668 η
1326 1587 1374 1649 καὶ
1396 1588 1500 1671 ὀφθεὶς

248 1685 395 1768 μακρόθεν
423 1688 541 1769 ἀπαθὴς
567 1691 664 1750 κακῶν
688 1686 854 1753 ἀπαλλάξει.
956 1684 1048 1765 (iio)
1077 1684 1127 1746 ἐὰν
1151 1686 1182 1747 ὑε
1206 1689 1284 1766 μάλα
1306 1690 1445 1753 λυττῶσιν
1468 1694 1498 1755 αἱ

248 1791 391 1873 κάμηλοι,
424 1791 471 1851 καί
505 1791 671 1873 ἀνθρώποις
703 1789 875 1851 ἐπιτίθενται
908 1787 956 1849 καί
990 1788 1142 1849 θοινῶνται
1172 1787 1268 1850 αὐτῶν
1299 1790 1350 1858 τάς
1378 1795 1496 1877 σάρκας.

206 1907 233 1951 15
247 1893 385 1955 παύονται
408 1893 440 1955 δὲ
459 1898 511 1976 τῆς
533 1891 637 1975 λύττης
656 1891 795 1973 ἀγρυπνία
815 1892 867 1973 τἠν
892 1892 992 1974 ρῶμην
1012 1889 1212 1974 ἐπιτριβεῖσαι·
1240 1891 1338 1977 ἐκχέει
1360 1896 1415 1979 γάρ
1434 1920 1499 1967 πως

248 1998 299 2079 τὴν
322 1995 424 2057 λύτταν
448 1995 506 2057 ἀπὸ
523 2000 579 2057 τῶν
603 1993 766 2077 ὀφθαλμῶν
788 1993 814 2054 εἰ
838 1994 878 2075 μὴ
902 1992 1006 2060 αὑτούς
1023 1989 1085 2076 ἔχει
1107 1993 1261 2072 καταμύειν
1285 2001 1327 2079 τῷ
1352 1997 1442 2081 ὑπνιρ.

247 2098 340 2180 (471)
369 2098 510 2181 τυφθεῖσα
533 2098 565 2159 δὲ
587 2093 762 2178 δυσόργητός
785 2095 860 2164 ἐστι,
883 2096 930 2157 καὶ
953 2094 987 2157 οὐ
1010 2096 1105 2178 λήθην
1128 2095 1185 2164 ἕξει
1207 2101 1259 2178 τῆς
1279 2097 1404 2183 βλάβης,
1428 2101 1498 2165 οὐδὲ

247 2200 388 2263 παύσαιτο
411 2199 445 2262 ἀν
469 2200 509 2269 εἰς
532 2199 629 2283 καιρὸν
653 2197 827 2272 κλέπτουσα,
850 2198 949 2281 πρὶνῆ
973 2198 1139 2280 ἀμύνασθαι
1162 2198 1208 2259 τὸν
1232 2198 1354 2281 ἄρξαντα
1376 2203 1496 2288 βλάβης.

248 2303 410 2387 τυπτομένη
433 2304 466 2365 δὲ
489 2306 596 2385 σιωπᾷ,
620 2301 687 2363 οὐδὲ
710 2301 811 2385 βοήσει
833 2301 901 2363 οὐδὲ
925 2301 1082 2382 στεναγμόν
1105 2301 1222 2383 ἀφήσει,
1246 2299 1309 2364 ἀλλ’
1330 2303 1360 2364 ἐν
1383 2308 1425 2390 τῷ
1448 2307 1498 2391 βα-

206 2422 235 2466 20
251 2408 369 2489 θυτάτιρ
391 2406 494 2489 κρύψει
508 2410 560 2487 τῆς
582 2403 699 2487 καρδίας
713 2404 765 2485 τὴν
788 2401 890 2487 λύπην.
925 2402 986 2464 οἶδε
1000 2403 1053 2486 γάρ
1078 2406 1117 2470 ῶς
1133 2402 1197 2487 ἔχει
1219 2403 1335 2487 φύσεως
1350 2407 1382 2469 τὸ
1397 2410 1498 2492 πικρὸν

248 2509 339 2592 αὐτῆς
361 2512 404 2592 τῷ
425 2507 546 2592 φθόγγῳ
569 2506 782 2589 συναπορρέειν.
828 2507 927 2588 όγοὺν
951 2505 1062 2568 ἐθέλων
1086 2505 1195 2567 ἐκλύειν
1218 2506 1294 2590 αὐτῇ
1314 2508 1346 2570 τό
1369 2506 1497 2591 ἔγκοτον,

248 2613 278 2679 ἐς
300 2615 435 2674 τοσοῦτον
461 2609 606 2681 τυπτέτω,
633 2605 692 2671 ἔστ’
714 2607 748 2670 ἀν
775 2610 877 2691 ἀφήση
906 2606 1070 2690 μυκηθμόν.
1173 2608 1266 2691 (4ῖ2)
1292 2610 1377 2691 λόγος
1398 2614 1431 2675 δὲ
1453 2637 1497 2677 κε-

249 2714 389 2797 κράτηκεν
418 2714 459 2780 εἰς
488 2712 579 2793 ἀκοὴν
608 2712 753 2794 ἐμμελὴς,
785 2714 824 2777 ῶς
854 2710 927 2792 ἀνὴρ
957 2702 1087 2793 κάμηλον
1118 2712 1295 2787 πιστευθείς,
1325 2714 1499 2797 παραμένων

248 2816 322 2899 αὐτῇ
347 2817 461 2899 καὶτῷ
486 2814 611 2897 σταθμῷ
634 2812 859 2896 προσκαθεύόειν
883 2813 1113 2895 συνειθισμένος.
1135 2812 1235 2897 ἐπειδὴ
1258 2814 1363 2899 ταύτην
1386 2817 1498 2899 τύψειεν

207 2934 234 2980 25
247 2922 324 2983 οὑτω
347 2919 470 3002 συμβάν,
494 2917 583 3000 σοφὸς
605 2916 645 2977 ῶν
668 2914 725 2998 ἄρα
747 2917 795 2977 καὶ
814 2915 901 2983 εἰδὼς
923 2912 1003 2983 όπως
1024 2912 1088 2998 ἔχει
1107 2915 1139 2976 τό
1160 2920 1235 2998 ζῷον
1256 2918 1353 2999 ἀργῆς,
1376 2919 1499 2989 ἀστείως

249 3022 320 3104 ἄγαν
344 3023 391 3084 τόν
415 3021 543 3083 κίνδυνον
567 3017 731 3100 ὑποφεύγει.
771 3020 811 3085 ῶς
833 3017 887 3099 γὰρ
910 3016 966 3100 ἤδη
987 3016 1035 3085 νὺξ
1058 3016 1103 3100 ἦν,
1126 3020 1174 3081 καὶ
1197 3021 1212 3080 ό
1233 3022 1363 3101 κάμηλος
1385 3024 1427 3091 είς
1446 3024 1498 3107 τἠν

249 3124 334 3209 εὐνὴν
363 3122 525 3207 ὑπέβλεπεν
555 3120 697 3182 ύπνοῶντα
730 3120 778 3181 τὸν
809 3118 898 3201 ἄνδρα
927 3118 1177 3203 προσδεχόμενος,
1207 3123 1415 3207 κατακλιθῆναι
1445 3126 1498 3207 μὲν

249 3226 335 3295 αὐτὸς
357 3230 565 3310 προσποιεῖται,
587 3223 676 3285 ἀσκὸν
699 3223 731 3284 δὲ
754 3220 891 3283 ὑπόπλεω
911 3221 1073 3304 πνεύματος
1095 3223 1259 3307 συγκρύψας
1279 3224 1320 3293 εἰς
1340 3227 1391 3309 τὴν
1412 3227 1498 3312 εὐνὴν

247 3329 342 3414 ἠρέμα
369 3352 400 3392 τε
428 3327 629 3401 ὑπανίσταται,
658 3325 706 3386 καὶ
733 3323 854 3407 ἡσύχως
880 3324 983 3385 ἑαυτὸν
1013 3324 1159 3406 ὑπεξάγει,
1187 3326 1249 3388 εἶτα
1276 3328 1420 3413 μετέωρός
1442 3354 1498 3394 που

207 3450 235 3493 :ro
247 3431 398 3515 γενόμενος
421 3428 581 3493 ἀπεσκόπει
603 3428 635 3489 τὸ
659 3428 773 3508 μέλλον.
811 3452 830 3508 η
854 3428 886 3490 δὲ
909 3426 1038 3509 πρόσεισι
1062 3428 1113 3508 μὲν
1140 3434 1177 3507 τῇ
1200 3430 1283 3512 κοίτη
1306 3436 1347 3515 τῷ
1372 3432 1499 3517 ὑβρικότι

248 3534 489 3620 ἐπιβουλεύουσα,
513 3533 553 3599 ῶς
576 3527 600 3592 θ’
619 3528 705 3592 αὑτὸν
729 3530 781 3610 μὲν
804 3528 860 3613 οὐχ
876 3530 964 3613 εύροι,
986 3530 1034 3591 τὸν
1051 3530 1083 3591 δὲ
1098 3530 1187 3592 ἀσκὸν
1210 3532 1308 3616 ῶσπερ
1326 3534 1368 3601 εἰς
1389 3534 1498 3619 χλεύην

194 3778 211 3829 4
234 3773 342 3844 λέγεται]
361 3773 529 3825 continuatur
547 3769 615 3820 haud
635 3769 712 3821 (lubic
731 3785 744 3819 c
765 3768 899 3819 Timotheo
1017 3769 1046 3819 ll
1070 3768 1159 3837 ἄγριοι]
1183 3770 1294 3822 Timoth.
1313 3787 1338 3838 p.
1353 3770 1435 3835 20βῖ
1455 3773 1552 3841 Haupt.

195 3862 233 3920 ὅτι
257 3862 270 3914 ὑ
295 3862 372 3932 ἄρσην
395 3861 419 3912 έν
442 3866 479 3928 τῷ
503 3864 589 3926 γαμεῖν
612 3856 653 3908 ἐάν
676 3854 715 3924 ίόη
740 3852 886 3926 ἄνθρωπον,
910 3855 1020 3922 μαίνεται
1043 3856 1143 3908 ἀνελεῖν,
1174 3858 1206 3909 cf,
1224 3857 1305 3909 Arist,
1318 3859 1378 3909 hist,
1391 3860 1471 3911 anim·
1484 3857 1507 3912 Z
1521 3860 1553 3913 γρ

195 3970 221 4021 p.
234 3950 342 4004 {rili-23
470 3945 500 3997 13
522 3946 564 3997 ἐὰν
583 3943 621 4008 δὲ]
641 3944 689 3995 hoc
707 3958 810 4010 quoque
828 3947 857 3994 ut
875 3944 1010 4009 proximae
1029 3945 1182 4010 paragraphi
1202 3944 1262 3995 471.
1275 3944 1327 3995 472
1351 3946 1419 3997 haud
1440 3946 1552 4001 ‹lubicc

196 4040 332 4092 Timotheo
351 4037 448 4104 petitae
468 4036 530 4085 sunt

198 4174 226 4180 —
233 4170 373 4179 -———
385 4168 447 4175 ——-
460 4165 598 4173 --———-——-

196 4246 211 4298 ‘2
233 4242 301 4297 Ἰνδοὶ
319 4244 423 4311 scripsi:
448 4241 520 4299 ίνθοῖς
539 4241 560 4291 D
689 4237 705 4289 3
729 4242 838 4306 χρυσῖτιν
856 4239 949 4304 scripsi
969 4255 982 4289 c
1001 4238 1135 4289 Timotheo
1155 4238 1291 4308 (χρυσίτην,
1309 4238 1427 4310 χρυσιτην
1446 4239 1552 4303 ceddi:

195 4332 331 4403 χροςὴνυ
438 4326 618 4396 4ἠσυτὶρνίι
643 4322 678 4381 ῶς
698 4325 718 4375 Ι)
826 4325 946 4394 ’ῖίζῆοαι
966 4326 986 4377 Ι)
1096 4327 1179 4394 ἀροῖτο
1198 4327 1290 4393 scripsi
1310 4327 1372 4389 (nisi
1391 4325 1477 4394 ἄροιτο
1496 4341 1552 4377 cor·

196 4420 354 4487 rigcndum):
379 4418 462 4486 ἄροιτο
483 4416 503 4467 Ι)
632 4412 648 4464 8
672 4411 691 4463 δ’
710 4412 739 4464 ἀν
758 4414 779 4465 I)
799 4412 831 4464 ci.
851 4413 949 4465 Uscner
967 4414 996 4464 in
1014 4413 1093 4464 rahni
1113 4430 1174 4464 arm.
1193 4413 1304 4478 18ῖ8,66
1437 4412 1454 4463 9
1477 4411 1553 4465 συνθ-

195 4509 282 4560 λάσσαι
301 4507 322 4558 Ι)
429 4506 581 4572 προσπῖπτον
600 4501 706 4567 scripsi:
725 4500 862 4569 sparticum
881 4502 903 4553 i)
1012 4500 1044 4551 10
1062 4500 1090 4552 τό
1109 4499 1180 4559 ξύλον
1200 4502 1306 4568 scripsi:
1324 4504 1369 4551 τοὺ
1383 4498 1455 4559 ὑέλου
1474 4500 1497 4551 D

195 4594 300 4664 ἑτέρωθι
318 4592 424 4658 scripsi:
445 4590 499 4658 ἐπέρ
513 4623 519 4636 .
533 4606 559 4639 .ι
579 4594 662 4641 cetera
682 4588 770 4639 blattis
789 4603 891 4639 corrosa
905 4589 926 4639 i)
1028 4589 1055 4639 li
1077 4587 1231 4657 δοσηνίαστοί
1248 4589 1353 4654 scripsi:
1372 4586 1433 4655 ὀνση
1444 4621 1450 4634 .
1462 4621 1468 4635 .
1479 4621 1486 4635 .
1496 4622 1503 4634 .
1513 4604 1554 4640 τοι

196 4688 280 4733 cctcra
293 4680 382 4732 blattis
398 4692 500 4729 corrosa
514 4676 536 4726 i>
646 4675 676 4726 12
695 4672 777 4732 αὑτοῖς
794 4675 899 4743 scripsi:
918 4674 965 4726 αὑτ
976 4710 981 4721 .
993 4710 1017 4723 ..
1032 4675 1052 4726 i)
1163 4676 1192 4725 ls
1211 4673 1356 4734 ἀπαλλάξειε
1369 4674 1551 4741 corrigendum

196 4767 297 4820 ridetur
406 4764 436 4814 1ss
456 4762 508 4832 ίχτι
527 4778 579 4813 non
599 4763 722 4825 intclicpo
812 4762 846 4814 ⁸20
864 4761 913 4813 οἶδε
932 4763 962 4813 Ι).
994 4762 1101 4813 icriassc
1121 4760 1194 4813 εἴωθε
1283 4760 1316 4811 ‘22
1336 4761 1420 4830 ἀφήση
1438 4762 1475 4813 sic
1494 4762 1515 4815 D

196 4853 332 4925 μηκηθμόν
349 4853 369 4903 Ι)
477 4851 509 4902 27
534 4849 670 4920 ὑπέβλεπεν
688 4868 721 4903 cx
740 4849 877 4919 ὑπέβλεφτν
896 4850 1007 4902 correrii
1028 4850 1058 4901 ir*
