3510 5610
650 291 858 348 SOLUTIONES
876 294 923 348 ΑΙ)
942 292 1123 350 GHOSROEM
1517 294 1559 361 55

256 470 369 530 natura
390 466 537 531 inuentus
559 487 620 531 non
642 467 746 531 minus
768 467 966 551 euigilatione
987 469 1157 534 secundum
1177 475 1322 535 naturam
1338 476 1383 534 est
1398 490 1504 535 causa·
1521 481 1568 542 sol

255 568 346 652 leque
367 576 492 655 proptor
518 578 661 635 naturam
691 570 833 635 faciendi.
877 571 903 634 si
930 578 1033 636 autom
1061 571 1178 635 bonum
1205 580 1251 638 est
1278 573 1506 657 requiesomni
1575 636 1578 642 .

256 671 372 736 usitato
399 672 524 755 quidem
552 672 687 750 moueri,
721 693 783 736 non
814 673 934 737 ualenti
960 680 1065 738 autem
1092 675 1299 740 continuatim
1326 681 1358 739 et
1383 696 1505 760 semper

258 778 377 838 motum
400 775 522 856 habere,
546 775 708 859 quippesi
730 775 884 839 malorum
900 795 963 839 non
978 775 1219 856 obliuisceretur,
1243 785 1504 861 corrumperetur:

229 864 342 941 sutilis
364 877 468 960 itaque
491 885 523 941 et
545 879 732 942 necessarius
754 879 787 941 in
809 878 941 942 salutem
962 898 1104 942 somnus:
1128 878 1221 962 igitur
1236 885 1268 943 et
1282 879 1442 943 naturalis.
1478 881 1505 944 si

258 979 342 1043 enim
363 979 568 1043 necessarium
596 987 643 1044 est
669 979 784 1044 animal
812 1002 876 1044 esse
899 985 930 1043 et
952 980 1067 1044 saluari
1089 981 1258 1045 secundum
1280 981 1328 1044 sui
1351 988 1525 1059 naturam·

258 1081 473 1166 cooperabitur
494 1082 533 1145 ad
555 1082 689 1146 salutem
710 1083 770 1147 sibi
793 1083 919 1147 omuino
942 1089 1108 1167 utrumque
1124 1083 1307 1147 naturaliter
1322 1090 1354 1147 et
1368 1083 1504 1147 uicissim
1517 1101 1546 1143 oo

257 1183 438 1267 euigilantia
460 1192 491 1248 et
512 1205 647 1248 somnus.
692 1185 864 1250 ostenditur
886 1193 992 1250 autem
1015 1191 1045 1248 et
1067 1185 1159 1248 alitor
1180 1206 1306 1249 somnus
1331 1206 1395 1250 esse
1414 1193 1505 1250 natu-

257 1286 330 1350 ralis
352 1308 424 1350 cum
446 1286 649 1351 delectatione
665 1288 791 1351 essendo
816 1294 846 1351 et
862 1308 962 1371 neque
978 1288 1115 1351 nocendo
1131 1297 1186 1352 aut
1201 1287 1411 1352 contristando
1425 1289 1506 1354 sicut

219 1405 245 1448 ro
258 1389 448 1473 priuationes
470 1388 699 1453 habitudinum.
744 1389 865 1454 nullum
889 1391 972 1453 onim
992 1391 1114 1454 causale
1129 1390 1238 1454 salutis
1253 1398 1383 1455 naturae
1398 1398 1506 1455 contra

255 1499 412 1569 naturam,
435 1511 536 1573 neque
558 1491 601 1555 sic
624 1490 848 1556 delectabiliter
870 1498 901 1555 et
922 1492 1042 1556 utiliter
1063 1492 1143 1557 sicut
1166 1513 1295 1576 eaquae
1310 1499 1505 1558 suntsecun·

258 1594 332 1658 dum
355 1599 509 1657 naturam.
552 1614 679 1658 somnus
701 1594 806 1678 itaque
828 1587 1050 1658 insensibilitas
1073 1595 1225 1679 quaedam
1248 1600 1295 1658 est
1309 1597 1459 1661 naturalis
1476 1603 1507 1660 ot

261 1696 434 1760 communis
460 1696 560 1779 passio
588 1696 711 1760 animae
737 1701 768 1759 et
789 1696 939 1781 corporis,
973 1697 1119 1781 quoniam
1147 1703 1178 1762 et
1206 1699 1377 1775 communis
1400 1716 1533 1763 eorumr

258 1798 376 1883 proprii
397 1819 504 1862 sensus
526 1805 639 1862 motus.
683 1798 880 1862 manifestum
904 1820 1026 1884 quoque
1051 1805 1083 1863 et
1108 1799 1199 1878 illud,
1227 1821 1315 1884 posse
1341 1801 1505 1884 praedictis

220 1917 246 1961 re
259 1910 295 1966 ut
328 1901 506 1965 conceditur
532 1901 692 1984 particulis
720 1901 842 1965 animae
873 1902 1008 1986 separari
1037 1902 1223 1966 nutritiuum
1255 1903 1289 1967 in
1321 1903 1506 1968 habentibus

258 2005 395 2069 animam
418 2003 609 2087 corporibus,
638 2012 669 2067 et
691 2003 843 2086 quiahoc
865 2004 980 2087 poterit
1002 2010 1089 2068 extra
1112 2026 1176 2068 esse
1202 2005 1264 2068 alia
1284 2007 1365 2069 sicut
1385 2007 1418 2070 in
1440 2028 1504 2070 sur-

258 2109 347 2184 culis;
383 2127 481 2190 eaque
504 2127 582 2189 quae
605 2112 678 2169 sunt
699 2127 846 2170 sensuum
871 2112 904 2169 st
929 2106 1062 2170 aliarum
1089 2107 1329 2171 animatiuarum
1353 2109 1505 2173 uirtutum

256 2210 345 2294 quasi
366 2209 400 2272 in
422 2229 547 2292 corpore
570 2209 721 2272 factarum
744 2208 823 2271 nihil
850 2208 917 2272 sine.
941 2209 1092 2273 nutritiuo
1114 2230 1202 2293 posse
1219 2211 1352 2294 operari:
1377 2218 1412 2274 ut
1433 2210 1505 2274 hino

254 2313 295 2375 sit
318 2312 436 2376 clarum
459 2311 533 2393 quia
555 2311 695 2374 sensibus
717 2332 772 2395 por
792 2331 935 2374 somnum
955 2311 1117 2375 silentibus
1138 2333 1263 2375 somnus
1278 2313 1359 2376 circa
1381 2313 1504 2377 nutriti·
1596 2303 1602 2314 ¹

213 2431 241 2476 ao
253 2436 328 2480 uam
339 2420 459 2499 partem
475 2413 598 2477 animae
613 2419 759 2497 operatur
773 2433 836 2476 uon
851 2412 992 2496 indigens
1003 2413 1043 2477 ad
1056 2414 1114 2478 boc
1126 2413 1373 2478 eistheteriorum
1390 2424 1502 2485 motus,
1518 2432 1545 2474 ro

758 2685 887 2793 ‘Titulus
908 2686 993 2750 deest.
1521 2704 1572 2765 502

340 2879 439 2941 Causa
461 2885 566 2941 autem
589 2878 690 2941 somni
712 2876 900 2941 animalibus
923 2883 969 2940 ost
991 2876 1180 2940 extrinsecus
1202 2877 1321 2941 intrans
1352 2900 1448 2958 aesca,
1471 2887 1502 2944 et

252 2981 440 3044 intrinsecus
473 2980 649 3044 umidorum
684 2987 716 3043 ot
748 2978 917 3043 calidorum
938 2977 1246 3062 superhabundantia
1268 2981 1437 3045 consistens
1464 3004 1501 3046 ex

253 3082 438 3166 quibusdam
466 3083 574 3145 causis.
625 3102 664 3146 ex
690 3081 745 3144 tali
773 3081 856 3143 enim
884 3101 972 3144 aesca
997 3081 1030 3143 in
1056 3081 1222 3164 receptiuis
1247 3082 1399 3146 existente
1426 3084 1500 3147 locis

211 3202 239 3247 as
253 3185 414 3271 uaporatio
443 3184 574 3249 officitur
595 3184 628 3248 in
650 3205 746 3247 uenas
768 3190 800 3247 et
821 3182 895 3247 inde
916 3182 949 3245 in
972 3194 1065 3266 caput
1087 3183 1252 3248 emittitur.
1296 3185 1502 3250 necessarium

199 3408 214 3460 2
242 3407 274 3459 ci.
293 3406 401 3458 Aristot.
420 3405 544 3457 roaolt:
568 3409 669 3473 πρῶτον
693 3405 737 3473 μέν
756 3405 799 3458 οὖν
822 3406 906 3476 ἐπειδή
925 3406 1028 3476 λέγομεν
1050 3407 1097 3477 τήν
1115 3406 1187 3476 φδσιν
1208 3405 1282 3459 ἕνεκά
1304 3424 1350 3458 του
1368 3414 1457 3470 ποιεῖν,
1480 3411 1555 3461 τοῦτο
1646 3465 1649 3471 ,

198 3493 221 3547 δ’
236 3492 331 3564 ἀγαθόν
349 3511 381 3556 τι,
399 3492 445 3561 τήν
464 3491 487 3542 δ’
503 3491 638 3544 ἀνάπαυσιν
656 3493 730 3545 παντὶ
747 3497 785 3562 τῷ
802 3495 924 3565 πεφυκότι
942 3492 1069 3558 κινεῖσθαι,
1089 3495 1124 3565 μὴ
1137 3493 1268 3563 δυναμένῳ
1287 3492 1310 3546 δ’
1326 3494 1364 3547 eo
1382 3496 1425 3546 καὶ
1443 3502 1555 3565 συνεχῶς

197 3579 327 3645 κινεῖσθαι,
350 3579 411 3649 μεθ’
434 3578 525 3648 ἡδονῆς
548 3579 682 3648 ἀναγκαῖον
700 3580 761 3631 εἶναι
779 3582 822 3632 καλ
846 3579 972 3650 ὠφελιμον
994 3620 1051 3634 ...
1075 3580 1139 3633 ὥστε
1162 3581 1287 3651 σωτηρίας
1310 3580 1384 3632 ἕνεκα
1406 3587 1458 3632 τῶν
1481 3583 1555 3652 ζῴων

197 3668 305 3741 ὑπάρχει
425 3667 456 3718 13
484 3666 521 3718 ld.
540 3666 663 3719 454210:
690 3664 748 3720 σ’δτε
765 3672 811 3737 τῆς
829 3668 914 3742 ψυχῆς
931 3667 961 3721 τδ
979 3667 1060 3726 πάθος
1077 3668 1146 3731 ἴδιον,
1165 3665 1223 3720 οὔτε
1242 3667 1340 3741 ἄψυχον
1360 3674 1434 3737 σῶμα
1451 3668 1555 3722 δυνατὸν

197 3753 365 3809 αἰσθάνεσθαι.
407 3753 576 3825 διωρισμένων
600 3753 626 3807 δὲ
651 3754 771 3827 πρότερον
795 3755 821 3807 ἐν
845 3756 936 3826 ἑτέροις
960 3756 1015 3827 περὶ
1037 3760 1089 3807 τ’ῶν
1111 3754 1253 3825 λεγομένων
1275 3757 1370 3824 μορίων
1393 3759 1439 3826 τῆς
1462 3756 1554 3830 ψυχῆς,
1607 3782 1609 3788 2

197 3848 240 3896 καὶ
257 3846 302 3896 τοῦ
322 3843 366 3910 μὲν
389 3839 526 3910 θρεπτικοῦ
544 3842 715 3914 χωριζομένου
733 3848 786 3894 τῶν
804 3841 890 3895 ἄλλων
908 3844 934 3894 έν
956 3849 1008 3899 τοῖς
1030 3843 1115 3916 ἔχουσι
1134 3843 1233 3911 σώμασι
1251 3843 1331 3913 ζωήν,
1355 3841 1449 3895 τῶνδ’
1471 3843 1555 3896 ἄλλων

197 3931 296 3988 οδδενδς
318 3930 375 3982 ἄνευ
398 3928 505 3992 cedros,
528 3928 604 3996 δῆλον
622 3927 658 3986 ὡς
677 3926 722 3981 ὅσα
745 3930 790 3997 μὲν
814 3928 941 4000 αὐξήσεως
965 3931 1008 3982 καὶ
1030 3929 1140 4000 φθίσεως
1158 3930 1257 4000 μετέχει
1279 3930 1354 3997 μόνον
1372 3936 1424 3982 τῶν
1443 3930 1555 3997 ζώντων,

197 4016 235 4070 ὅτι
252 4016 351 4075 τυΰτσις
369 4017 417 4089 οὺχ
436 4015 544 4087 ὑπάρχει
563 4013 640 4073 ὕπνος
658 4015 711 4067 οὐδ’
733 4017 887 4089 ἐγρήγορσις,
910 4017 961 4070 οἷον
979 4025 1030 4077 τοῖς
1048 4025 1133 4087 φυτοῖς
1260 4017 1294 4069 24
1323 4017 1360 4068 ld.
1377 4019 1481 4071 456b3:
1508 4023 1555 4090 τῆς

197 4107 242 4173 μέν
264 4102 307 4156 οὖν
332 4102 441 4173 θδραθεν
466 4108 561 4175 τροφῆς
585 4103 706 4175 εἰσιοδσής
727 4104 761 4163 εἰς
784 4107 841 4164 τοὺς
864 4104 993 4162 δεκτικοὺς
1015 4108 1105 4164 τόπους
1123 4106 1215 4176 γίνεται
1236 4105 1253 4175 ή
1275 4102 1436 4172 ἀναθυμίασις
1458 4107 1555 4167 εἰςτὰς

197 4191 299 4263 φλέβας,
318 4191 372 4243 ἐκεῖ
388 4191 414 4244 δὲ
432 4189 622 4261 μεταβάλλουσα
641 4191 817 4259 έξαιματοῡται
835 4193 879 4245 καὶ
899 4192 1030 4263 πορεύεται
1048 4193 1088 4245 eo
1105 4193 1152 4263 τήν
1174 4192 1254 4266 ἀρχήν

196 4397 247 4449 (2.3
266 4397 337 4450 omni
355 4395 465 4464 usitato]
485 4397 674 4449 omnibusitato
696 4397 730 4449 G¹
819 4400 835 4450 4
854 4400 950 4467 quippe
963 4403 1191 4467 -corrumporetur
1211 4398 1246 4449 (2²
1264 4399 1288 4449 in
1306 4417 1357 4450 raa.
1376 4399 1420 4468 (25
1432 4403 1491 4467 sere
1510 4402 1554 4454 liu.

179 4485 272 4550 ιενοε.)
380 4485 396 4536 9
419 4501 478 4537 cum
497 4484 668 4537 delectatione
686 4485 742 4554 erc]
761 4487 778 4536 ι’.
788 4504 809 4536 ε.
827 4489 864 4554 τῷ
884 4484 943 4554 μεθ’
964 4486 1054 4556 ήδονῆς
1073 4486 1133 4538 εἶναι
1154 4487 1197 4538 καὶ
1216 4492 1253 4555 τῷ
1272 4486 1336 4555 μήτε
1355 4486 1470 4557 βλάπτειν
1490 4489 1554 4559 μήτε

195 4571 280 4625 λυπεῖν
299 4571 382 4642 ὥσπερ
401 4571 426 4624 αἱ
445 4572 568 4642 στερήσεις
587 4569 663 4631 ἕξεων
754 4571 785 4624 15
803 4572 951 4642 particulis]
969 4574 1070 4626 ·tioulis
1091 4573 1127 4624 θ’
1145 4576 1170 4624 ιό
1188 4571 1263 4626 lituro
1280 4575 1308 4638 (5
1320 4577 1379 4641 sere
1398 4577 1445 4627 liu.
1463 4576 1554 4644 elutos)

199 4712 230 4764 16
248 4714 364 4781 potuerit
384 4711 418 4763 G¹
506 4710 572 4780 alia]
589 4729 617 4764 ·a
637 4710 672 4762 δέ
692 4714 715 4763 in
733 4731 787 4763 roa.
807 4712 834 4780 (3
853 4713 899 4765 litt.
918 4732 998 4778 erua.;
1010 4715 1064 4779 fuit
1076 4715 1141 4780 jort.
1159 4713 1297 4780 alioruml·
1370 4716 1401 4768 18
1420 4670 1555 4768 nutririiuo

197 4800 253 4867 (sic)
276 4799 299 4851 G
413 4800 445 4851 19
472 4800 600 4852 somnium
623 4798 657 4850 G¹
771 4799 806 4852 ‘20
832 4801 1037 4854 aisuetenomm
1060 4799 1095 4852 θ’
1112 4802 1138 4852 io
1156 4819 1208 4851 raa.
1227 4801 1344 4865 arnpla'ora
1459 4803 1490 4858 21
1519 4803 1555 4856 ειί,

195 4888 254 4940 odd.
273 4887 346 4941 HM:
367 4887 417 4941 Ubi
437 4888 472 4939 sit
490 4886 649 4940 animalibus
668 4903 748 4940 causa
767 4889 852 4941 somni
956 4887 990 4941 25
1008 4888 1144 4957 uaporatio
1165 4886 1201 4939 (1¹²
1219 4890 1243 4939 ιἰι
1262 4906 1313 4943 ros.
