3524 5596
408 299 660 360 ARISTOPHANIS
677 301 860 356 HISTORIAII
878 303 1071 359 ANIMALIUII
1089 303 1237 358 EPI'IOIIII
1255 304 1267 358 Ι
1285 304 1327 357 88.
1340 304 1374 357 89
1521 304 1560 369 27

267 474 343 556 δυμα
364 470 470 556 γίνεται
491 471 510 534 ἃ
534 473 585 556 μὲν
607 473 671 540 κατ’
693 475 894 561 ἐπισύλληψιν,
917 473 978 540 ἐστι
1000 473 1025 539 δ’
1046 474 1108 553 ὅτε,
1130 476 1216 560 φησί,
1240 477 1288 540 καὶ
1309 477 1383 540 κατὰ
1405 476 1508 562 σχίσιν.
1521 481 1556 540 34

266 575 333 638 όταν
356 576 407 660 μὲν
431 576 492 657 ἅμα
514 576 644 662 ἐκτεχθή
668 576 752 661 ἄρρεν
775 580 824 641 καὶ
845 579 937 662 θήλυ,
961 579 1070 664 ἀνάγκη
1092 582 1182 642 ταῦτα
1204 575 1269 643 κατ’
1290 580 1478 663 ἐπισύλληψιν
1503 575 1550 664 l¹⁵

211 694 272 739 cuv
285 679 443 760 γεγονέναι,
469 678 520 741 ἅτε
542 683 592 741 τού
614 679 735 764 ἄρρενος-
756 681 807 764 μὲν
830 682 863 744 ἐκ
885 681 1067 763 πεπεμμένου
1089 681 1250 763 γεγονότος,
1277 686 1327 745 τού
1349 684 1382 745 δέ
1404 683 1511 767 θήλεος

265 782 294 852 ἐξ
315 781 459 857 ἀπέπτου,
482 781 558 844 ὥστε
580 783 635 845 ὑπὸ
659 782 713 859 δύο,
731 787 820 846 ταῦτα
843 783 1004 868 καταβολὰς
1025 783 1206 866 γεγενῆσθαι.
1250 784 1285 847 τὰ
1307 785 1340 848 δέ
1362 785 1418 849 ὑπὸ
1441 786 1507 869 μίαν

236 885 425 970 οκαταβολὴν
455 888 572 947 τοιαῦτα
600 883 732 968 γινόμενα
761 887 793 948 τὸ
823 887 874 969 μὲν
904 887 937 949 ἐκ
966 885 1182 969 κατεψυγμένου
1212 887 1317 968 γίνεται
1344 888 1548 972 σπέρματοςνο

264 985 516 1072 ύπομεμενηκότος
542 988 607 1070 περὶ
631 988 679 1050 τὸν
707 989 848 1071 περίνεον,
876 990 908 1052 τό
936 989 969 1052 δέ
996 989 1054 1051 ἀπὸ
1081 989 1323 1070 κατενηνεγμένου
1346 992 1394 1056 καλ
1416 992 1509 1060 ούτως

264 1093 337 1173 όμού
360 1089 534 1174 ἀμφοτέρων
557 1089 798 1172 ἐμπεπτωκότων.
835 1089 903 1154 ὅταν
925 1093 958 1154 δὲ
980 1091 1036 1154 ὑπὸ
1060 1091 1124 1174 μίαν
1147 1093 1309 1176 καταβολὴν
1331 1094 1382 1157 δύο
1405 1094 1510 1178 ἄρρενα

263 1194 282 1275 ἢ
311 1193 362 1255 δύο
390 1193 485 1276 θήλεα
511 1191 642 1275 γένηται,
669 1198 760 1258 ταῦτα
786 1193 956 1278 σχισθέντος
983 1194 1012 1256 ἐν
1035 1196 1072 1276 πή
1096 1195 1192 1278 μήτρα
1213 1199 1264 1257 τού
1287 1195 1450 1280 σπέρματος
1471 1196 1509 1279 γί-

261 1317 349 1368 νεται,
371 1299 422 1357 τού
445 1296 496 1378 μὲν
519 1295 705 1379 πεπεμμένου
729 1297 770 1365 εἰς
790 1297 841 1360 δύο
863 1296 977 1381 ἄρρενα,
1000 1302 1051 1360 τού
1073 1297 1106 1360 δὲ
1128 1297 1259 1361 ἀπέπτου
1276 1299 1316 1368 είς
1332 1298 1382 1362 δύο
1405 1299 1509 1384 θήλεα.

222 1414 249 1458 10
262 1398 305 1461 ότι
332 1399 365 1461 δέ
390 1397 453 1460 κατ’
475 1397 661 1483 ἐπισύλληψιν
689 1398 804 1484 ἀρέσκει
831 1399 912 1483 αύτῷ
934 1399 1064 1482 γίνεσθαι
1086 1398 1213 1485 (δήλον>·
1249 1399 1334 1470 αὐτὸς
1355 1403 1409 1486 γὰρ
1433 1403 1509 1466 οὕτω
1522 1417 1550 1460 κο

261 1501 346 1586 φησί·
379 1500 513 1585 ι(συνέβη
539 1503 593 1583 γάρ
617 1524 678 1564 τινα
705 1503 809 1587 δούλην
835 1503 899 1587 περὶ
927 1501 1051 1587 Τρίκκην
1078 1504 1111 1566 ἐκ
1137 1508 1188 1566 τού
1217 1504 1358 1568 δεσπότου
1384 1507 1432 1570 καλ
1457 1510 1508 1569 τού
1521 1515 1555 1572 38

262 1603 417 1687 ἐπιτρόπου
439 1607 476 1686 τῇ
499 1602 575 1686 αὐτῇ
598 1603 695 1688 ἡμέρᾳ
717 1608 916 1689 πλησιάσασαν
938 1611 1079 1670 τεκνῶσαι
1104 1606 1169 1682 δύο,
1197 1608 1238 1669 ὧν
1264 1607 1298 1669 τό
1325 1607 1376 1689 μὲν
1404 1608 1439 1692 ήν
1464 1613 1508 1694 τῷ

261 1705 408 1791 ἐπιτρόπῳ
438 1705 552 1790 ὅμοιον,
581 1706 615 1768 τό
641 1707 676 1784 ,δὲ
705 1710 747 1790 τῷ
777 1705 942 1790 ὃεσπότη”.
994 1711 1041 1773 καὶ
1072 1710 1128 1792 μὴν
1158 1706 1202 1771 ότι
1231 1709 1304 1773 κατὰ
1333 1710 1427 1795 σχίσιν
1456 1715 1507 1774 τού

262 1808 425 1893 σπέρματός
454 1833 516 1873 τινα
543 1810 663 1891 γίνεται,
695 1809 787 1880 οὕτως
815 1811 900 1895 φησί·
934 1808 995 1875 “roi
1023 1812 1056 1874 δέ
1084 1808 1324 1895 ὀιόυμυτοκούντα
1353 1813 1411 1876 ἀπὸ
1441 1820 1536 1896 price

221 1928 249 1972 15
261 1913 426 1996 καταβολῆς
452 1915 534 1975 δοκεῖ
557 1912 754 1995 ἀρρενοτοκεῖν
780 1912 800 1994 ή
828 1913 1021 1997 θηλυτοκεῖν,’
1041 1911 1085 1976 ὅτι
1110 1914 1144 1977 τό
1172 1914 1287 1999 σπέρμα
1313 1919 1363 2004 τοῦ
1391 1914 1509 2002 ἄρρενος

262 2014 380 2101 ἰσχυρόν
403 2014 489 2090 ἐστιν,
512 2016 588 2076 ὥστε
611 2012 797 2097 μεριζομένου
819 2016 861 2084 εἰς
880 2015 930 2079 δύο
953 2016 972 2100 i]
995 2017 1036 2086 εἰς
1058 2017 1173 2080 πλείονα
1194 2016 1320 2102 τρόφιμα
1341 2017 1506 2101 γίνεσθαι”.

344 2116 417 2200 (89)
449 2115 509 2185 Τὰς
539 2117 571 2179 δὲ
603 2117 777 2200 ὁμοιότητας
806 2116 896 2182 οἴεται
923 2120 1088 2204 ’συμβαίνειν
1117 2119 1196 2202 παρὰ
1225 2119 1275 2190 τὰς
1304 2120 1429 2206 ἀπεψίας
1459 2123 1507 2185 καὶ

258 2221 396 2305 είιπεψίας
418 2225 476 2282 τῶν
499 2219 686 2303 σπερμάτων·
720 2218 811 2284 οἴεται
832 2221 886 2304 γὰρ
909 2223 956 2285 καλ
978 2223 1014 2285 τὰ
1036 2223 1199 2306 καταμήνια
1221 2222 1371 2308 σπέρματα
1393 2223 1508 2289 ἄπεπτα
1522 2241 1549 2285 ιο

259 2322 341 2386 εἶναι.
390 2321 457 2385 όταν
488 2321 539 2405 μὲν
570 2319 619 2384 ούν
648 2321 776 2390 ἄπεπτος
803 2322 920 2408 γένηται
950 2326 969 2408 ἡ
1000 2324 1030 2387 ἐν
1056 2328 1115 2394 τοῖς
1143 2327 1327 2410 καταμηνίοις
1355 2327 1508 2411 ὑπόληψις,

216 2425 325 2490 νυκαθ
346 2426 451 2508 ἑαυτήν
473 2427 588 2508 ποιήσει
610 2422 656 2508 (ἡ)
678 2425 784 2510 θήλεια
805 2427 857 2509 τὴν
881 2428 1009 2512 μορφήν,
1039 2427 1089 2491 ἐοίν
1115 2451 1148 2492 τε
1174 2428 1260 2512 οἷρρεν
1286 2429 1337 2493 ἐάν
1360 2453 1392 2493 τε
1420 2430 1505 2514 θήλυ.

259 2528 411 2593 εὐπέπτων
435 2530 467 2592 δέ
489 2531 599 2611 μᾶλλον
621 2527 781 2612 γενομένων
808 2535 865 2592 τῶν
888 2531 1086 2615 καταμηνίων,
1112 2531 1186 2594 κατὰ
1210 2532 1259 2594 τόν
1281 2532 1391 2618 πατέρα
1412 2557 1507 2618 γεννη·

204 2753 292 2808 1011
315 2749 383 2804 οὕτω
405 2749 475 2820 φησί]
500 2749 547 2813 „ei
564 2751 645 2804 Arist.
659 2753 731 2814 (hist.
745 2754 824 2805 enIm.
837 2749 860 2805 H
872 2752 900 2816 4>
917 2768 943 2821 p.
956 2752 1063 2823 585119
1087 2753 1129 2806 ἐὰν
1150 2753 1170 2807 δ’
1186 2755 1256 2824 ἐγγὺς
1276 2756 1291 2826 ή
1314 2755 1432 2828 σύλληψις
1454 2759 1557 2828 ἐγένετο,

201 2841 234 2894 τὸ
258 2838 393 2907 ἐπικυηθέν
417 2836 550 2906 ἐξήνεγκαν
577 2840 620 2890 καλ
644 2840 767 2892 τίκτουσιν
792 2839 875 2911 ὥσπερ
901 2840 999 2910 δίδυμα,
1011 2840 1089 2911 γόνῳ,
1116 2839 1228 2913 καθάπερ
1254 2845 1297 2896 καὶ
1320 2844 1364 2898 τόν
1386 2843 1492 2916 Ἰφικλέα
1516 2848 1559 2899 καὶ

202 2928 247 2981 τόν
266 2925 393 2998 Ἡρακλέα
420 2923 606 2994 μυθολογοῦσιν.
649 2928 731 2995 γέγονε
757 2928 803 2998 γὰρ
831 2929 874 2980 καλ
900 2932 972 2980 τοῦτο
996 2928 1113 2999 φανερόν·
1143 2931 1309 3001 μοιχευομένη
1333 2934 1379 3004 γάρ
1403 2953 1440 2992 τις
1462 2933 1491 2987 τὸ
1514 2935 1559 3001 μέν

201 3023 255 3068 τῶν
282 3017 378 3068 τέκνων
405 3016 443 3083 τῷ
470 3013 537 3085 ἀνδρὶ
565 3013 645 3072 ἐοικὸς
674 3014 743 3067 ἐτεκε
772 3015 801 3067 τὸ
829 3014 855 3068 δέ
882 3018 920 3085 τῷ
947 3018 1037 3086 μοιχῷ.
1080 3017 1125 3069 sed
1153 3017 1223 3070 unde
1252 3019 1368 3087 pleniora
1394 3020 1457 3074 ills?
1489 3020 1559 3074 unde

202 3120 272 3172 quae
299 3105 443 3171 sequuntur
468 3116 494 3168 p.
508 3099 575 3166 35,4
602 3105 645 3165 (z
666 3119 691 3171 p.
704 3101 815 3168 97,13)7
848 3120 880 3157 ex
903 3102 1086 3172 Aristophanis
1111 3108 1174 3172 puto
1201 3107 1313 3173 epitoma
1340 3111 1409 3172 (cnm
1432 3112 1488 3161 tota
1511 3109 1559 3161 hac

203 3191 237 3244 de
259 3189 435 3257 didymotocic
457 3190 624 3254 narratione).
661 3193 774 3243 ceterum
799 3192 830 3244 de
852 3192 1002 3260 episyllepsi
1025 3192 1057 3244 ei.
1076 3193 1155 3245 Arist.
1167 3193 1261 3246 Pseud.
1279 3210 1305 3261 p.
1318 3193 1378 3247 383.
1413 3195 1444 3248 de
1469 3196 1560 3249 Tricce

202 3277 356 3332 Thessalica
374 3280 400 3329 ol
418 3275 535 3343 Asclepii
555 3277 670 3330 Triconei
689 3278 818 3330 medicina
836 3279 928 3332 Strabo
944 3278 1012 3341 vlss,
1029 3296 1055 3348 p.
1067 3278 1118 3332 374
1135 3280 1193 3333 Cas.
1216 3280 1247 3332 ci.
1266 3297 1292 3348 p.
1305 3279 1371 3334 360“
1392 3283 1460 3336 Rose

204 3365 237 3418 17
261 3366 306 3423 τὰς
324 3363 350 3416 ii
369 3362 531 3432 ὁμοιότητας]
550 3362 630 3416 Arist:
644 3379 730 3431 gener.
744 3366 823 3417 anim.
835 3362 884 3417 83
904 3382 929 3434 μ.
943 3365 1049 3418 767136
1074 3366 1099 3418 αἱ
1116 3364 1136 3419 δ’
1152 3366 1226 3420 αύτυὶ
1243 3368 1318 3420 αἰτίαι
1339 3370 1382 3421 καὶ
1402 3373 1447 3423 τού
1464 3372 1496 3423 τὰ
1513 3372 1558 3439 μὲν
1581 3419 1586 3430 ,

201 3453 304 3506 ἐοικότα
322 3448 431 3521 γίνεσθαι
449 3458 499 3509 τοῖς
516 3450 666 3514 τεκνώσασι,
687 3451 718 3503 τὲι
737 3451 762 3504 δὲ
781 3453 816 3521 μή
836 3453 948 3516 ἐοικότα,
969 3455 1014 3506 καὶ
1033 3454 1126 3520 τὰμὲν
1145 3454 1230 3524 πατρί,
1251 3457 1282 3508 τὰ
1299 3454 1326 3507 oi
1344 3457 1420 3528 μητρί

204 3540 238 3593 18
261 3539 349 3604 οίεται]
373 3539 453 3590 Arist.
468 3553 553 3606 gener.
567 3539 646 3590 anim.
658 3535 706 3590 85
728 3556 754 3608 p.
767 3539 856 3592 mni
881 3540 932 3593 ἐστι
953 3541 998 3611 γὰρ
1015 3541 1048 3592 τὰ
1066 3543 1209 3612 καταμήνια
1228 3543 1325 3612 σπέρμα
1342 3543 1453 3597 ἄπεπτον

203 3627 237 3679 19
255 3625 314 3679 ὅταν
327 3626 372 3694 μὲν
385 3623 440 3694 οὖν]
458 3626 538 3678 Arist.
553 3641 638 3693 gener.
651 3627 730 3678 anim.
743 3623 792 3679 83
810 3643 836 3695 p.
850 3627 957 3680 767b15
976 3626 1098 3681 εύπέπτου
1117 3628 1161 3696 μὲν
1176 3630 1222 3699 γὰρ
1238 3627 1313 3699 ούσης
1326 3635 1372 3701 τῆς
1384 3631 1557 3701 περιττιόσεως
1622 3688 1624 3693 ,

201 3716 229 3768 ἐν
247 3720 298 3772 τοῖς
316 3712 479 3782 καταμηνίοις
490 3717 536 3782 τῆς
555 3718 732 3784 σπερματικῆς,
751 3712 808 3766 καθ’
820 3714 899 3784 αὑτήν
914 3715 1010 3785 ποιήσει
1025 3715 1072 3785 τήν
1085 3718 1183 3787 μορφήν
1201 3719 1275 3789 ήτοῦ
1294 3719 1394 3791 ἄρρενος
1411 3720 1557 3788 κίνησις...

144 3800 149 3809 “
200 3802 269 3854 ὥστε
287 3799 428 3871 κρατούσης
445 3801 490 3868 μὶν
508 3799 580 3869 ἄρρεν
591 3818 619 3852 τε
638 3801 733 3870 ποιήσει
752 3803 795 3854 καὶ
808 3801 836 3854 ού
854 3800 929 3871 θῆλυ,
947 3803 991 3854 καὶ
1009 3802 1088 3860 ἐοικὸς
1106 3807 1144 3873 τῷ
1161 3813 1285 3874 γεννῶντι,
1303 3806 1355 3859 ἀλλ’
1370 3806 1399 3859 ού
1418 3811 1450 3878 τῇ
1470 3809 1557 3878 μητρί·

201 3890 239 3958 μή
258 3892 386 3966 κρατῆσαν
404 3886 438 3951 δέ,
457 3885 514 3940 καθ’
530 3887 616 3940 ὁποίαν
635 3887 664 3939 ἂν
683 3889 718 3957 μὴ
738 3889 851 3959 κρατήση
870 3888 979 3958 δύναμιν,
1000 3890 1046 3959 τήν
1065 3890 1172 3960 ἐλλειψιν
1190 3901 1254 3947 ποιεῖ
1270 3892 1329 3963 κατ’
1344 3893 1430 3963 αύτήν.
1465 3896 1557 3948 sedin

200 3978 314 4045 epitome
332 3974 479 4027 differentia
496 3975 589 4027 insunt
606 3979 632 4028 et
650 3975 768 4043 pleniora
787 3977 922 4045 quaedam,
941 3994 1006 4045 quse
1024 3993 1078 4030 non
1097 3980 1263 4033 Aristotelico
1280 3997 1337 4035 esse
1355 3981 1477 4034 ridentur

203 4181 215 4231 I
242 4181 321 4250 σχίσιν
340 4180 408 4233 lioso
426 4182 469 4243 (ex
488 4179 568 4232 Arist.
581 4195 668 4249 gener.
680 4181 760 4233 anim.
773 4177 822 4233 84
840 4198 865 4251 p.
879 4183 988 4236 7721218
1011 4182 1028 4255 ή
1047 4183 1190 4255 σχισθέντος
1210 4189 1255 4238 τοῦ
1273 4185 1402 4255 κυήματος
1422 4186 1500 4240 πλείω
1521 4188 1557 4258 γί-

199 4266 309 4332 vicino:
328 4269 410 4337 σχέσιν
429 4268 448 4320 Ρ
537 4265 553 4317 9
572 4265 683 4338 ἐκτιχθή
702 4269 806 4335 scripsi:
830 4268 921 4340 ἐκτεθῇ
939 4272 958 4323 Ρ
1047 4271 1111 4325 ori
1129 4274 1174 4340 μὲν
1193 4273 1345 4340 inscripsi:
1364 4275 1396 4326 τὰ
1413 4276 1458 4343 μὲν
1477 4275 1506 4327 ἐκ
1523 4275 1556 4328 P:

199 4361 246 4408 τοῦ
265 4355 310 4423 μιν
328 4355 396 4407 Roso
504 4353 520 4407 6
544 4354 764 4425 ύπομεμενηκότος
781 4357 835 4427 περὶ
853 4358 896 4410 τὸν
915 4359 1022 4428 περίνεον
1040 4361 1108 4413 Rose
1125 4359 1169 4424 (ci.
1187 4360 1266 4413 Arist.
1279 4376 1365 4429 gener.
1378 4364 1456 4415 enirn.
1471 4363 1482 4414 l
1497 4362 1555 4428 In:

199 4442 433 4511 ύπομιμνήσκοντος
450 4443 505 4511 περὶ
522 4442 565 4494 τὸν
583 4443 637 4494 νόον
655 4442 674 4495 Ρ
792 4443 822 4496 τὸ
840 4444 865 4496 όὲ
884 4445 933 4498 ἀπό
951 4449 1160 4517 κατενηνεγμένου
1176 4449 1280 4516 scripsit
1304 4451 1349 4500 τού
1367 4448 1394 4501 il
1413 4450 1556 4522 ἐπικατενη-

199 4530 357 4600 νιγμίνουΡ
478 4528 511 4581 10
535 4528 609 4600 δῆλον
628 4530 717 4583 addidi
833 4533 879 4603 γὰρ
897 4534 930 4585 P:
955 4535 1049 4587 delerit
1066 4536 1134 4588 Rose
1253 4536 1281 4587 li
1309 4532 1422 4607 Τρίκκην
1440 4537 1555 4606 Sauppe:

200 4615 297 4687 Τρίκην
315 4618 335 4670 Ρ
443 4616 474 4669 19
492 4615 662 4687 πλησιάσασαν
680 4617 796 4687 Sauppe:
817 4619 972 4691 πλησιασύση
990 4623 1023 4674 P:
1042 4621 1233 4692 ’πλησιασάντων
1251 4624 1319 4676 Rose
1428 4624 1459 4677 13
1477 4627 1556 4697 σχίσιν

200 4707 281 4758 Rose:
305 4705 388 4774 σχίσιν
405 4704 425 4757 Ρ
535 4705 566 4757 16
590 4705 748 4775 μεριζομένου
767 4708 872 4774 scripsi:
893 4708 1052 4777 μεριζόμενον
1069 4709 1089 4762 Ρ
1199 4709 1307 4779 τρόφιμα
1325 4711 1359 4763 P:
1380 4711 1480 4781 γόνιμον
1497 4729 1555 4782 pro-

199 4793 290 4860 posuit
308 4792 412 4861 Sauppe
512 4791 542 4844 19
567 4793 677 4870 ιἰπιπτος
695 4795 799 4861 scripsi:
825 4791 982 4853 εύπεπτοςΡ
1083 4796 1117 4849 90
1141 4794 1264 4869 ήθήλιια
1281 4798 1386 4866 scripsi:
1412 4797 1552 4876 θήλειανΡ

201 4879 232 4931 τι
260 4879 390 4932 osismos
408 4881 512 4948 scripsi:
537 4880 693 4933 susensi>
1234 4873 1239 4882 '
