3510 5610
189 311 211 375 4
371 308 624 364 ARISTOPHANIS
641 309 825 363 HISTORIAE
844 309 1036 364 ANIMALIUM
1054 310 1202 363 ΕΡΙΤΟΜΕ
1221 311 1232 362 Ι
1255 310 1363 363 15-93

243 480 273 544 ἐν
295 485 356 552 τοῖς
377 481 519 551 ὀπισθίοις
540 482 623 545 ποσὶν
647 480 844 565 ἀστραγαλους
864 477 953 566 ἔχειν.
1028 480 1101 565 (16)
1122 484 1285 567 πολυσχιδῆ
1308 483 1340 545 δὲ
1362 481 1425 545 ὅτε
1447 481 1492 545 ἄν·
1504 488 1535 546 19

242 584 362 668 θρωπος
393 584 470 650 κόων
503 583 578 647 λέων
612 586 666 668 μῦς
698 585 747 648 καὶ
781 583 812 648 εί
837 608 863 648 τι
895 583 981 647 ἄλλο·
1019 585 1062 654 οἷς
1094 586 1143 648 καί
1176 584 1342 671 συμβέβηκε
1374 588 1492 648 πολυτο-
1507 603 1532 644 ιι

243 693 312 751 κεῖν.
394 687 465 772 (17)
487 685 684 770 στεγανόποδα
711 688 743 750 δὲ
772 686 884 769 λέγεται
912 687 974 771 ἅμα
1002 688 1051 752 καὶ
1080 690 1278 772 πλατυώνυχα
1304 687 1407 757 κύκνος
1435 691 1492 775 χὴν

243 791 366 855 πελεκὰν
399 792 447 856 καὶ
480 791 512 853 τό
545 794 603 854 τῶν
635 793 745 874 νηττῶν
778 793 834 853 πῶν
866 789 960 872 γένος·
998 790 1042 859 οἷς
1071 791 1119 853 καὶ
1153 789 1319 877 συμβέβηκε
1348 792 1492 877 φιλόδροις

215 892 324 958 οείναι.
388 893 460 977 (18)
482 891 673 978 δερμόπτερος
696 893 728 955 δὲ
743 916 762 976 η
781 893 916 978 νυκτερίς,
937 894 958 977 ἧ
974 916 1015 962 τις
1030 891 1104 975 μόνη
1119 896 1177 955 τῶν
1192 896 1338 975 πτητικῶν
1354 898 1496 979 ζῳοτοκεῖ
1508 913 1534 956 15

242 999 291 1061 καὶ
316 998 390 1080 γαλα
415 993 480 1082 ἔχει
504 995 535 1059 ἐν
561 1001 620 1066 τοῖς
646 999 765 1080 μαστοῖς
790 997 839 1059 καί
867 995 988 1079 θηλάζει
1012 994 1126 1064 εόθέως
1151 996 1183 1058 τδ
1209 999 1395 1080 γεννώμενον.

244 1097 316 1183 (19)
337 1098 525 1184 κολεόπτερος
547 1100 579 1162 δὲ
600 1102 728 1163 καλεῖται
752 1098 820 1162 ὅτε
842 1097 987 1183 κάνθαρος
1007 1099 1054 1162 καί
1077 1100 1096 1182 ἡ
1120 1097 1289 1182 μηλολόνθη
1312 1101 1359 1163 καὶ
1381 1101 1411 1164 εί
1432 1127 1492 1167 τινα

187 1223 202 1261 ι.
210 1217 237 1263 τι
252 1201 336 1267 ἄλλα.
415 1201 486 1287 (20)
507 1201 636 1265 πτιλωτὰ
657 1203 690 1266 δὲ
716 1199 937 1284 κατωνόμασται
964 1200 968 1286 Ι
997 1201 1115 1284 μέλιττα
1140 1201 1216 1286 σφὴξ
1238 1201 1328 1272 τέττιξ
1349 1205 1397 1267 καὶ
1419 1205 1451 1269 εί
1467 1231 1493 1270 τι

242 1312 300 1370 τῶν
323 1306 447 1392 ἀκρίδων
470 1306 518 1369 καὶ
533 1309 625 1389 μυιῶν
642 1306 695 1393 Ικαί
710 1304 876 1391 ἀττελάβων
898 1305 989 1389 γένος.
1023 1308 1112 1367 ταῦτα
1135 1304 1167 1367 δὲ
1188 1305 1237 1367 καὶ
1258 1304 1365 1390 ἄναιμα
1388 1309 1491 1394 συμβέ-

203 1427 229 1471 1υ
243 1411 330 1496 βηκεν
353 1408 433 1473 εἶναι.
502 1407 572 1492 (21)
594 1407 727 1493 πτερωτὰ
748 1408 780 1471 δὲ
801 1408 964 1492 ἀλεκτρυών
987 1409 1035 1471 καί
1057 1407 1093 1470 τὰ
1107 1405 1182 1470 ἄλλα
1197 1408 1230 1470 δὲ
1244 1408 1281 1470 τὰ
1295 1410 1492 1495 γινωσκόμενα
1504 1431 1533 1472 ου

242 1519 322 1578 πᾶσι.
401 1511 473 1595 (22)
494 1513 678 1596 γαμψώνυχα
701 1511 733 1574 δὲ
755 1509 866 1595 εἴρηται
888 1510 943 1575 ὅσα
966 1516 1023 1575 τῶν
1046 1514 1201 1595 πτερωτῶν
1228 1511 1279 1594 τὴν
1302 1512 1491 1600 ἐπιρρυγχίδα

240 1619 429 1702 γεγάμψωκεν
453 1614 509 1678 ὑπὸ
531 1613 584 1697 τἠν
606 1611 698 1695 γένυν,
721 1611 782 1683 οἷός
803 1613 879 1677 ἐστιν
902 1612 919 1676 ό
940 1638 971 1677 τε
993 1614 1078 1682 άετδς
1100 1614 1148 1676 καὶ
1171 1614 1186 1676 ό
1210 1612 1288 1699 ἱέραξ
1310 1617 1359 1678 καί
1380 1617 1490 1703 κέγχρη

241 1719 316 1784 ἄλλα
338 1743 369 1783 τε
395 1717 431 1781 τὰ
457 1717 497 1801 μὴ
525 1716 677 1810 πίνοντα.ι
737 1716 808 1800 (23)
830 1721 887 1779 τῶν
915 1718 947 1780 δὲ
969 1720 1123 1801 πτερωτῶν
1152 1715 1275 1800 ὀρνίθων
1298 1716 1317 1780 όί
1341 1718 1391 1802 μέν
1415 1721 1490 1785 ἐστιν

240 1823 303 1907 εἴδη
325 1820 472 1905 νυκτερινὰ
494 1819 513 1883 ἃ
535 1819 567 1882 δὲ
589 1819 720 1903 ἡμερινά,
742 1821 790 1883 καὶ
809 1820 895 1903 ἃμὲν
918 1820 1063 1883 θαλάσσια
1085 1818 1104 1881 ἃ
1126 1819 1159 1881 δὲ
1180 1820 1307 1902 ποτάμια
1330 1820 1349 1883 όί
1371 1823 1404 1885 δὲ
1426 1847 1491 1910 χερ-
1504 1843 1532 1885 aa

200 1942 227 1987 ιτ
240 1929 318 1988 σαῖα.
354 1922 477 2009 ἡμερινὰ
500 1922 551 2007 μὲν
574 1919 623 1985 σόν
643 1921 704 1986 ἐστι
727 1921 763 1985 τὰ
783 1926 854 1986 πᾶσι
875 1921 1035 2008 φαινόμενοι
1055 1919 1125 1985 καθ’
1145 1920 1266 2005 ἡμέραν,
1289 1927 1436 2010 νυκτερινὰ
1458 1931 1491 1993 δὲ

189 2186 201 2239 1
227 2185 253 2238 ἐν
270 2189 321 2242 τοῖς
339 2178 469 2248 ὀπισθίοις]
488 2178 521 2231 cf.
536 2178 617 2230 Arist.
629 2180 696 2245 part.
708 2180 787 2231 anim.
800 2176 820 2230 Δ
833 2178 864 2231 10
882 2195 907 2246 p.
920 2178 1089 2233 69055-94
1218 2180 1366 2252 πολυσχιδῆ]
1385 2185 1465 2237 Arist.
1478 2191 1544 2254 part.

186 2273 265 2327 anim.
279 2267 299 2322 Δ
311 2269 343 2322 10
360 2285 386 2336 p.
399 2265 507 2320 688134
528 2266 559 2318 τὰ
577 2264 603 2317 δὲ
625 2264 752 2318 πολυτόκα
770 2264 786 2336 ἡ
806 2265 943 2337 πολυσχιδῆ
965 2268 997 2319 τιὶ
1014 2268 1059 2334 μίν
1081 2267 1199 2337 πυρίτην
1218 2270 1323 2340 γαστέρα
1342 2270 1404 2340 (ἔχει
1421 2273 1479 2331 τοὺς
1497 2293 1544 2343 μα-

186 2360 268 2424 στοδς)
287 2356 403 2426 πλαγίους
421 2356 465 2408 καὶ
482 2351 596 2417 πολλοός,
615 2352 665 2405 οῖον
683 2351 711 2411 ίις
728 2354 771 2406 καί
790 2352 868 2418 κίιων,
886 2355 917 2407 τὰ
935 2353 961 2406 δὲ
979 2354 1022 2407 δόο
1041 2354 1138 2423 μόνους,
1156 2357 1211 2426 περὶ
1229 2357 1307 2426 μέσην
1326 2358 1410 2424 μέντοι
1427 2362 1542 2432 γαστέρα,

186 2447 237 2501 οῖον
259 2445 324 2498 λίων
348 2448 374 2497 et
396 2443 468 2497 alibi.
498 2441 555 2494 Aet.
572 2444 626 2492 nat.
645 2441 723 2493 anim.
736 2441 775 2493 XI
788 2439 830 2493 37.
843 2440 942 2507 289,32
965 2442 1101 2512 πολυσχιδῆ
1125 2442 1151 2494 ὀί
1173 2440 1304 2514 ἅνθρωπος
1327 2444 1397 2498 κόων

185 2534 210 2587 θ.
228 2535 244 2588 3
266 2529 422 2599 πολυτοκεῖν]
445 2530 526 2583 Arist.
541 2544 627 2597 gener.
643 2524 784 2580 animM
806 2545 832 2596 p.
846 2528 951 2580 771191
980 2528 1050 2582 κόων
1073 2529 1099 2581 δὲ
1122 2531 1165 2582 καί
1187 2528 1263 2589 λόκος
1286 2533 1329 2584 καὶ
1352 2534 1383 2585 τὰ
1404 2533 1538 2606 πολυσχιδ·

185 2625 265 2676 πάντα
281 2619 410 2675 πολυτόκα
428 2616 524 2688 σχεδόν,
541 2615 584 2667 καί
602 2618 634 2669 τὰ
651 2617 729 2686 μικρὰ
745 2621 798 2668 τῶν
815 2614 943 2681 τοιοότων,
962 2617 1012 2668 οίον
1030 2616 1059 2670 τὸ
1077 2623 1129 2669 τῶν
1147 2624 1218 2686 μυῶν
1236 2620 1304 2688 γίνος
1392 2620 1409 2673 3
1427 2624 1541 2692 στεγανό.

184 2710 260 2777 ποδα]
279 2703 689 2771 Αο1.1.ο.989,39-990,1Η.
708 2703 874 2773 στιγανόποδα
892 2704 918 2756 δὲ
937 2705 980 2758 καὶ
998 2703 1166 2774 πλατυώνυχα
1188 2703 1280 2764 κόκνος
1301 2706 1358 2776 χψν.
1389 2725 1541 2763 enumeran-

184 2802 227 2852 tur
246 2794 412 2866 στεγανόποδα
431 2810 473 2861 ap.
486 2793 566 2845 Arist.
578 2792 639 2844 hiat.
652 2793 731 2844 anim.
745 2787 793 2843 83
811 2807 836 2859 p.
850 2790 959 2845 593115
969 2808 1024 2861 sqq.
1154 2792 1170 2845 5
1194 2792 1368 2864 δερμόπτιρος]
1387 2797 1467 2849 Arist,
1481 2799 1542 2851 hist,

184 2882 328 2938 anim-115
347 2899 373 2951 p.
385 2880 475 2935 49017
499 2880 531 2933 τὰ
549 2879 575 2932 δὲ
593 2878 754 2950 δερμόπτιρα,
773 2877 823 2930 οίον
841 2877 946 2949 ἀλώπηξ
965 2880 1008 2932 καί
1026 2873 1136 2950 νυκτερίς
1267 2880 1282 2931 7
1306 2880 1441 2952 κάνθαρος]
1460 2887 1540 2938 Arist,

184 2978 246 3026 mot.
259 2972 338 3024 anim.
355 2970 386 3022 10
404 2986 429 3038 p.
444 2967 551 3021 710110
572 2969 603 3020 τά
620 2985 648 3018 τε
669 2966 829 3037 κολεόπτερα,
847 2966 897 3019 οῖον
915 2965 1036 3037 κάνθαροι
1053 2968 1096 3019 καί
1114 2966 1268 3036 μηλολόνθαι
1373 2970 1390 3022 8
1415 2971 1539 3041 πτιλωτὰ]

184 3060 265 3113 Arist.
277 3059 337 3111 hist.
351 3054 495 3110 anim.A5
513 3072 539 3123 p.
551 3054 642 3107 49016
665 3054 697 3107 τὰ
718 3054 744 3106 δὲ
766 3053 890 3120 τιτιλωτά,
913 3053 963 3106 οῖον
987 3053 1089 3122 μέλιττα
1112 3057 1155 3108 καὶ
1177 3055 1330 3127 μηλολόνθη.
1367 3059 1431 3128 σφὴξ
1454 3064 1540 3113 autem

184 3149 253 3201 inter
274 3145 390 3215 πτερωτὰ
412 3143 521 3197 retertur
542 3159 596 3195 una
617 3159 676 3196 aum
699 3143 743 3210 api
766 3145 792 3195 at
814 3142 969 3196 melolontha
993 3159 1035 3211 ap.
1052 3144 1132 3195 Arist.
1149 3143 1209 3196 hist.
1227 3144 1366 3198 anim.Al
1390 3163 1415 3214 p.
1429 3147 1539 3200 523b18

185 3241 212 3289 at
230 3237 298 3288 inter
316 3234 407 3301 ἄναιμα
425 3248 479 3284 una
498 3246 555 3284 cum
574 3231 617 3298 api
636 3246 716 3298 respa
733 3245 823 3282 musca
840 3229 948 3282 456114
1056 3230 1149 3295 τέττιξ,
1172 3233 1216 3299 qui
1235 3232 1304 3284 inter
1321 3232 1412 3302 ἄναιμα
1431 3235 1540 3287 refertur

185 3339 227 3391 ap.
240 3324 320 3376 Arist.
332 3322 393 3374 hist.
406 3319 485 3371 anim.
498 3314 547 3369 At
566 3316 721 3385 p.532b10,
740 3321 903 3370 enumeratur
921 3318 990 3370 inter
1008 3318 1131 3371 animalia
1148 3334 1213 3386 quaa
1232 3319 1337 3387 γίνονται
1355 3321 1384 3373 ἐκ
1404 3322 1476 3391 ζῴων
1488 3329 1540 3375 τῶν

184 3415 307 3479 συγγενῶν
324 3424 379 3461 una
397 3423 456 3460 cum
474 3404 587 3458 attelabo
606 3406 632 3456 et
649 3404 749 3456 locusta
767 3405 828 3457 hist.
841 3406 921 3456 anim.
935 3401 955 3457 E
968 3404 999 3456 19
1017 3422 1044 3473 p.
1057 3404 1165 3458 550b32
1184 3411 1210 3458 et
1228 3423 1284 3458 curn
1304 3409 1412 3461 insectis
1431 3426 1539 3478 quorum

184 3497 274 3568 γίνισίς
292 3496 357 3549 ἐστιν
375 3495 404 3548 ἐκ
423 3494 496 3564 ζώων
514 3489 666 3559 συνωνόμων
681 3507 804 3544 unacum
817 3493 918 3545 locusta
931 3496 956 3544 et
968 3493 1106 3561 phalangis
1119 3499 1144 3546 at
1157 3510 1237 3561 vespa
1250 3498 1275 3547 at
1287 3494 1393 3549 formica
1405 3513 1447 3564 ap.
1457 3499 1538 3551 Arist.

184 3601 271 3656 gener.
281 3580 393 3637 anim
407 3582 437 3634 16
454 3597 480 3648 p.
491 3578 582 3631 79114
679 3579 694 3630 9
713 3578 833 3650 ἀκρίδων]
853 3580 968 3632 locustae
987 3581 1054 3631 inter
1070 3579 1197 3649 πηδητικὰ
1215 3585 1240 3633 et
1253 3581 1344 3650 ἄναιμα
1357 3593 1541 3637 enumerantur

184 3673 254 3742 apud
272 3673 351 3725 Arist.
363 3671 423 3723 hist.
437 3669 515 3721 anim.
528 3664 576 3719 M
595 3683 620 3734 p.
632 3665 702 3719 532¹)
711 3666 742 3719 10
830 3665 933 3736 ἄναιμα]
953 3668 1034 3719 Arist.
1047 3667 1107 3719 hist.
1120 3668 1199 3720 anim.
1214 3665 1235 3720 Α
1249 3668 1264 3721 5
1281 3686 1307 3737 p.
1319 3670 1408 3722 49019
1427 3671 1540 3725 πτιλωτὰ

184 3761 210 3814 δὲ
228 3758 273 3814 όσα
291 3760 391 3827 ἄναιμα,
409 3756 459 3810 οίον
476 3756 508 3809 τὰ
524 3755 616 3822 ἔντομα
724 3753 753 3805 11
774 3753 943 3824 γαμψώνυχα]
963 3755 1043 3807 Arist.
1056 3760 1122 3822 part.
1135 3757 1214 3807 anim.
1228 3752 1271 3807 Γ1
1291 3773 1317 3824 μ.
1331 3757 1420 3810 attat
1444 3761 1476 3812 τὰ
1494 3762 1539 3828 μὲν

183 3849 229 3919 γὰρ
247 3846 406 3918 γαμψώνυχα
424 3841 566 3912 καλοόμινα
584 3841 623 3894 διὰ
641 3841 669 3894 τό
689 3846 853 3912 σαρκοφαγεῖν
875 3842 918 3893 καὶ
937 3841 1023 3910 μηδενὶ
1045 3840 1176 3912 τρέφεσθαι
1199 3847 1291 3914 καρπῷ
1315 3845 1412 3916 γαμψδν
1435 3847 1487 3917 ἔχει
1509 3848 1538 3900 τὸ

117 3985 120 3989 ,
184 3935 275 4009 ρόγχος
296 3935 393 3988 ἅπαντα
532 3929 563 3982 19
589 3927 660 3987 ἀετὸς
680 3929 748 3981 inter
768 3927 926 3998 γαμψώνυχα
949 3928 1056 3981 refertur
1078 3929 1158 3982 Arist.
1172 3930 1233 3983 hist.
1247 3933 1325 3984 anim.
1339 3930 1373 3984 11
1397 3951 1424 4002 p.
1438 3935 1537 3997 609b7‚

182 4022 250 4095 ίίραξ
272 4024 333 4076 hist.
350 4016 493 4075 anim.Z‘i
516 4034 542 4086 p.
555 4015 679 4082 563119,
706 4016 815 4086 κίγχρη,
840 4018 872 4069 ab
894 4016 1034 4068 Aristotele
1059 4019 1177 4088 κεγχρηίς
1203 4023 1249 4071 aut
1276 4021 1375 4089 κεγχρίς
1399 4023 1537 4090 appellata,
1650 4070 1654 4077 .

183 4112 244 4165 hist.
257 4112 336 4163 anim.
350 4107 396 4162 ΖΙ
416 4124 442 4175 p.
455 4103 573 4160 538198.
601 4120 687 4173 ganar.
700 4105 780 4156 anim.
794 4101 813 4156 Γ
827 4104 838 4155 1
858 4120 884 4172 p.
896 4103 987 4157 75018
1097 4103 1128 4156 13
1146 4104 1178 4157 τὰ
1197 4106 1232 4175 μὴ
1251 4106 1363 4176 πίνοντα]
1383 4110 1464 4162 Arist.
1476 4111 1538 4163 hist.

183 4200 262 4252 mim,
273 4194 320 4250 03
337 4213 363 4264 p,
374 4193 482 4249 593b29
502 4193 524 4246 ot
542 4192 568 4245 δὲ
580 4191 747 4262 γαμψώνυχες
764 4191 807 4244 καί
820 4191 908 4244 ἄποτοι
927 4194 1037 4261 πάμπαν.
1063 4192 1095 4245 τί.
1110 4194 1172 4246 hist.
1184 4196 1263 4246 anim.
1276 4191 1296 4247 6
1309 4194 1340 4246 18
1358 4212 1384 4263 p.
1395 4196 1502 4249 601232

185 4286 218 4339 14
235 4283 373 4355 νυκτερινά]
392 4283 473 4336 Arist.
485 4283 545 4335 hist.
558 4281 636 4333 anim.
650 4277 699 4333 83
718 4297 744 4348 p.
756 4278 847 4333 59‘2b8
867 4280 903 4331 ἔτι
920 4286 971 4331 τῶν
987 4287 1135 4351 νυκτερινῶν
1153 4280 1278 4351 (ὀρνίθων)
1298 4282 1355 4334 ἔνιοι
1368 4283 1537 4354 γαμψώνυχές

182 4375 254 4439 τίσιν,
272 4372 323 4425 οἷον
340 4368 500 4440 νυκτικόραξ,
524 4366 614 4438 γλαόξ,
637 4365 713 4437 βρίιας
731 4368 770 4431 (in
788 4367 922 4421 codicibus
939 4368 1002 4420 ΡΙ)1
1020 4365 1110 4438 βόας).
1124 4404 1131 4417 .
1145 4404 1152 4416 .
1166 4368 1221 4420 .ἔτι
1239 4369 1258 4421 δ’
1274 4369 1341 4428 titt<
1360 4373 1403 4423 καί
1421 4371 1537 4440 αίγώλιος

183 4458 301 4525 (609197
320 4462 346 4512 et
364 4459 428 4512 alibi
446 4455 570 4526 αίγωλιδς)
588 4456 631 4508 καί
649 4453 725 4524 σκώψ

184 4684 436 4756 ΙάστραγγιίλουςΡ
524 4680 577 4735 23
595 4678 740 4732 πολυτοκεῖν
758 4679 837 4732 Rosa:
856 4678 1038 4733 πολοτοκεῖνΡ
1126 4676 1354 4750 3πλατυόνυχαΡ
1442 4683 1535 4751 4νητ-

182 4831 234 4878 τῶν
253 4825 357 4892 scripsi:
376 4827 477 4892 νηκτῶν
495 4820 516 4872 Ρ
605 4819 620 4870 7
640 4819 801 4889 κολεόπτερος
820 4820 899 4872 Rosa:
920 4779 1068 4889 κολοιόπτεγί
1084 4820 1103 4872 P
1191 4819 1207 4871 9
1226 4827 1306 4888 μυιῶν
1325 4821 1404 4872 Rosa:
1424 4825 1495 4886 μυῶν
1513 4820 1533 4871 Ρ

186 4914 213 4964 ll
235 4910 392 4983 ἐπιρρυγχίδα
410 4908 574 4980 γεγάμψωκεν
594 4909 673 4960 itose:
696 4906 838 4976 ἐπιρυγχίόα
857 4907 1002 4977 γεγάψωκιν
1020 4908 1040 4959 Ρ
1150 4908 1180 4959 14
1202 4906 1254 4977 είόη
1275 4908 1353 4960 Rosa:
1376 4906 1424 4976 ἤδη
1444 4908 1464 4958 P
