3510 5610
504 321 744 377 HETAPHRASIS
763 322 797 376 ΙΝ
816 322 1094 377 ΤΠΕΟΡΗίἰλδΤθΜ
1432 321 1471 385 13

170 501 215 583 τιγῖ
237 497 371 582 θεάτρῳ·
404 499 452 561 καί
477 498 533 580 γάρ
559 499 578 580 ῆ
606 498 690 582 φωνὴ
717 496 846 581 ἐνέργειά
868 497 942 560 ἐστιν
965 497 1116 582 ἀμέριστος
1139 498 1289 580 πανταχοῦ
1318 493 1371 576 δλη
1400 494 1418 576 ῆ

172 599 246 683 αδτῆ
269 605 424 685 χωριστῶς
445 600 527 686 αὐτῷ
550 604 692 684 παροῦσα,
726 600 778 663 άτε
807 602 881 684 μήτε
908 599 1110 685 συμφερομένη
1135 601 1209 683 μήτε
1241 600 1420 660 συναλλοιου-

172 702 244 786 μένη
267 706 311 787 τῷ
333 702 411 785 ἀέρι·
449 708 501 786 τῆς
526 703 580 788 γάρ
605 702 752 765 ἀπολῦτου
780 703 938 786 παρουσίας
964 704 1117 787 τεκμήριον
1147 702 1179 764 τδ
1202 702 1250 763 καί
1278 703 1348 763 πᾶσι
1372 700 1420 762 καὶ

173 805 287 888 ἑκάστῳ
301 810 358 867 τῶν
373 803 538 868 ἀκουόντων
554 803 625 890 ὅλην
637 805 809 890 ἐνυπάρχειν
825 807 872 868 καί
890 808 1016 888 πληροῦν
1032 806 1139 872 πάντας
1156 805 1319 884 μονοειδῶς.
1385 799 1422 864 Τί
1440 817 1472 873 27

144 904 237 981 οοδν;
260 906 295 969 οῦ
311 909 466 990 πλήττεται
487 909 535 971 καὶ
557 913 674 971 κινεῖται
696 908 866 991 παθητικῶς
888 908 944 970 ὑπδ
960 912 1010 970 τοῦ
1033 913 1192 992 ψοφοῦντος
1215 906 1278 969 ότε
1300 906 1357 989 ἀῆρ
1372 906 1420 969 καὶ

172 1010 205 1073 τδ
226 1009 431 1092 αἰσθητήριον;
466 1009 485 1093 ῆ
507 1011 540 1073 τδ
564 1011 615 1094 μὲν
639 1010 764 1093 πάθημα
787 1011 868 1091 καὶὴ
885 1011 993 1093 κίνησις
1014 1011 1209 1095 προκατάρχει
1226 1010 1290 1093 περὶ
1312 1008 1349 1070 τὰ
1364 1012 1419 1070 σώ-

172 1213 318 1296 τελειότης
339 1214 448 1296 ῆκατά
469 1216 502 1277 τδ
524 1215 601 1283 εἶδος
622 1214 761 1298 ἱσταμένη
783 1220 835 1297 τῆς
850 1217 1000 1300 κινήσεως.
1036 1213 1097 1278 ἀλλ’
1117 1215 1244 1277 ἐνταῦθα
1266 1216 1318 1298 μὲν
1334 1237 1420 1299 προη-

171 1319 264 1399 γεῖται
286 1316 319 1378 τὸ
341 1320 391 1378 τοῦ
414 1315 500 1401 ἀέρος
522 1318 626 1391 πάθος,
648 1317 749 1400 ἐπειδὴ
772 1317 820 1379 διά
842 1320 955 1401 πληγῆς
970 1319 1002 1381 τδ
1018 1316 1173 1381 ἀκουστόν·
1207 1317 1239 1379 τδ
1263 1318 1295 1379 δὲ
1318 1316 1420 1402 δρατδν

132 1417 207 1482 1οοί)
229 1418 277 1481 διά
298 1419 332 1481 τὸ
360 1420 463 1482 παθεῖν
486 1420 518 1482 τδ
541 1420 677 1503 διαφανὲς
703 1418 763 1482 ἀλλ’
791 1419 849 1505 ἤδη
880 1420 911 1483 δν
933 1421 1004 1484 αῦτδ
1026 1421 1059 1483 τδ
1082 1425 1199 1506 χρῶμα.
1244 1419 1270 1482 εἰ
1297 1420 1329 1482 δὲ
1357 1420 1421 1483 κάν·

172 1522 268 1585 ταῦθα
290 1523 355 1606 δοίη
378 1546 419 1591 τις
441 1522 605 1605 ἐγγίνεσθαί
617 1546 679 1585 τινα
701 1522 864 1606 παθητικὴν
887 1524 943 1586 ὑπδ
966 1527 1023 1586 τῶν
1044 1525 1208 1608 χρωμάτων
1224 1526 1267 1608 τῷ
1285 1521 1349 1607 ἀέρι
1364 1524 1421 1585 διά·

173 1624 265 1701 θεσιν,
298 1622 332 1687 οῦ
359 1623 434 1686 κατὰ
459 1624 564 1707 ταύτην
587 1625 690 1708 όρατδν
712 1627 894 1688 ἀποτελεῖται
921 1626 954 1687 τδ
977 1631 1085 1710 χρῶμα
1107 1626 1183 1689 ἀλλά
1210 1625 1283 1689 κατὰ
1304 1626 1357 1708 τὴν
1380 1649 1421 1688 τε·

173 1727 252 1789 λείαν
274 1727 323 1789 καί
343 1725 454 1811 ἀθρόαν
476 1728 525 1789 καλ
547 1724 618 1811 όλην
641 1727 717 1810 ὁμοῦ
739 1732 790 1790 τοῦ
813 1726 907 1796 εῖδους
935 1728 1077 1812 ἐνέργειαν
1101 1728 1252 1797 ἀπολῦτως
1273 1732 1420 1812 παροῦσαν

173 1833 216 1913 τῷ
247 1831 391 1912 διαφανεῖ,
424 1829 473 1891 καί
500 1830 670 1913 παθητικῶς
697 1830 749 1912 μὲν
776 1834 909 1893 κινοῦσαν
943 1831 976 1893 τδ
1002 1831 1207 1915 αἰσθητήριον,
1241 1829 1294 1894 οἰικ
1320 1831 1350 1893 ἐν
1377 1836 1419 1916 τῷ

134 1948 160 1993 15
173 1932 262 1995 πάθει
284 1933 317 1994 δὲ
338 1931 527 2016 ὑπαρχούσης
549 1936 600 2013 τῆς
623 1929 718 2016 ὄψεως
744 1928 802 1994 ἀλλ’
831 1933 861 1994 ἐν
884 1939 921 2015 τῆ
944 1933 1077 2016 εἰδητική
1098 1938 1150 2016 τῆς
1173 1936 1252 2016 ζωῆς
1273 1936 1420 1997 τελειώσει

174 2036 222 2098 καί
242 2040 280 2116 τῆ
296 2037 346 2096 τοῦ
368 2032 455 2115 λόγου
470 2033 613 2117 προβολῇ.
710 2031 778 2097 Ἐπί
801 2035 833 2097 δὲ
855 2041 905 2097 τοῦ
921 2036 1082 2120 δσφραντοῦ
1105 2036 1153 2098 καὶ
1174 2041 1227 2119 τῆς
1248 2037 1421 2121 ὀσφρήσεως
1438 2032 1473 2109 ’23

173 2136 374 2221 ἐναργέστερον
393 2136 426 2198 τδ
449 2135 606 2220 συμβαῖνον
629 2136 659 2199 ἐν
681 2142 723 2219 τῷ
749 2137 852 2221 μεταξὺ
879 2140 1014 2223 πάθημα,
1038 2141 1078 2207 ῶς
1099 2139 1147 2201 καὶ
1169 2138 1347 2208 ἀπελθόντος
1369 2144 1420 2203 τοῦ

175 2241 336 2325 δσφραντοῦ
358 2237 492 2321 ἐμμένειν
514 2237 566 2321 τῆν
588 2238 682 2322 ὀσμὴν
705 2238 738 2301 οὐ
762 2239 809 2302 διὰ
830 2240 866 2303 τά
889 2240 1105 2324 ἀπορρεόοαντα
1128 2240 1213 2324 μόρια
1238 2240 1323 2324 μόνον
1347 2243 1421 2305 ἀλλά

174 2344 222 2406 καί
244 2341 332 2406 αὐτοῦ
354 2338 534 2409 πεπονθότος
555 2364 581 2402 τι
603 2346 653 2403 τοῦ
676 2340 770 2424 ἀέρος,
798 2343 896 2426 ὥσπερ
919 2343 966 2405 καὶ
989 2342 1200 2425 θερμανθέντος
1223 2343 1290 2409 ὅταν
1314 2345 1419 2428 μεταξὺ

134 2462 163 2505 ευ
177 2450 226 2508 τοῦ
247 2441 451 2528 θερμαίνοντός
473 2465 505 2505 τε
526 2443 646 2505 καὶτοῦ
670 2442 897 2528 θερμαινομένου
919 2445 1039 2529 γίνηται,
1061 2446 1109 2508 καί
1131 2447 1345 2528 γλυκαζομένου
1368 2453 1419 2511 τοῦ

175 2548 259 2633 ἀέρος
279 2551 330 2609 τοῦ
354 2545 459 2627 μεταξὺ
489 2549 542 2627 τῆς
563 2547 693 2628 γλώττης
720 2547 767 2609 καί
793 2551 844 2609 τοῦ
872 2547 994 2630 μέλιτος.
1040 2549 1086 2610 καί
1113 2548 1186 2611 κατὰ
1215 2550 1247 2612 τδ
1269 2549 1346 2619 εἰδος
1369 2552 1420 2634 μὲν

177 2649 324 2715 κάνταῦθα
346 2650 366 2733 ῆ
389 2671 421 2711 τε
442 2646 579 2730 αἴσθησις
600 2647 647 2708 καί
669 2647 702 2709 τδ
724 2647 875 2733 αἰσθητόν,
897 2648 972 2711 ἀλλὰ
995 2650 1042 2712 διὰ
1064 2651 1096 2712 τδ
1118 2650 1284 2737 ἐνυλότερον
1306 2654 1420 2716 καὶτοῦ

175 2752 365 2837 αἰσθητηρίου
388 2754 435 2815 καί
457 2754 507 2813 τοῦ
530 2749 672 2834 αἰσθητοῦ
694 2750 724 2813 ἐν
740 2751 850 2820 τούτοις
868 2747 962 2820 εἴδους
984 2752 1173 2837 σφοδρότερον
1196 2756 1243 2817 καὶ
1266 2755 1313 2818 διά
1335 2761 1420 2819 τοῦτο

175 2853 375 2940 ἐναργέστερόν
398 2877 428 2915 τε
450 2858 510 2921 τοῖς
530 2853 729 2937 αἰσθητηρίοις
751 2855 799 2916 καί
821 2853 852 2915 ἐν
874 2858 916 2939 τῷ
933 2853 1005 2937 ἀέρι,
1028 2857 1074 2918 ἵνα
1097 2859 1232 2941 μετάσχῃ
1255 2862 1306 2920 τοῦ
1320 2859 1420 2943 αἰσθη-

132 2974 160 3019 25
173 2962 223 3021 τοῦ
245 2955 349 3029 εἴδους,
372 2956 548 3039 διαφαίνεται
570 2955 603 3017 τδ
626 2955 729 3025 πάθος.
774 2952 840 3017 οὔτε
861 2956 894 3017 δὲ
915 2960 1005 3019 ταῦτα
1027 2956 1089 3020 κατ’
1110 2958 1267 3043 ἀπορροίας
1287 2960 1420 3024 αἰσθανό-

174 3061 261 3144 μεθα,
283 3058 350 3122 οὔτε
372 3056 414 3120 ἔτι
436 3060 545 3142 μᾶλλον
568 3063 625 3120 τῶν
648 3059 813 3142 χρωμάτων
836 3081 863 3121 τι
884 3059 1025 3143 ἀπορρέον
1048 3066 1126 3124 ποιεῖ
1146 3063 1198 3146 τῆν
1214 3060 1323 3146 ὅρασιν,
1346 3064 1421 3126 ἀλλά

176 3166 219 3247 τῷ
235 3163 357 3245 ἐνεργεῖν
374 3161 484 3243 δροῖται.
585 3157 645 3223 Καὶ
659 3165 723 3229 πῶς
738 3160 830 3230 οὕτως
853 3161 959 3245 ἰσχυρά
974 3164 993 3245 ή
1008 3167 1060 3225 τοῦ
1075 3167 1232 3248 χρώματος
1247 3165 1365 3250 δύναμις
1381 3170 1421 3234 ῶς
1440 3184 1473 3240 ‘29

174 3264 242 3329 ἀνευ
265 3266 413 3348 ἀπορροῆς
434 3266 519 3327 κινεῖν
542 3264 589 3326 καί
612 3267 697 3325 τοῦτο
719 3268 851 3347 συνεχῶς
873 3269 980 3342 ποιεῖν;
1014 3267 1101 3348 δῆλον
1123 3266 1176 3349 γάρ
1205 3266 1249 3330 ὅτι
1271 3268 1322 3350 τὴν
1346 3268 1420 3351 ἐνερ-

172 3391 250 3451 γειαν
271 3367 323 3450 τήν
345 3366 434 3428 αὑτοῦ
457 3365 567 3450 ἐνεργεῖ
588 3370 728 3451 συνεχῶς,
756 3366 782 3428 εἰ
805 3366 845 3448 μῆ
869 3367 1002 3452 καθάπερ
1028 3368 1061 3429 τδ
1084 3371 1139 3451 πῦρ
1163 3369 1233 3454 ῦλης
1260 3371 1350 3433 δεῖται
1372 3373 1420 3434 καὶ

131 3467 223 3555 antiq?
251 3469 285 3533 οῦ
308 3470 341 3531 τὸ
364 3473 428 3552 φῶς
448 3468 553 3550 γίνεται
575 3472 626 3530 τοῦ
649 3471 814 3552 διαφανοῦς.
859 3468 878 3552 ή
906 3469 940 3532 οδ
966 3471 998 3532 τδ
1021 3474 1130 3554 χρῶμα
1157 3470 1243 3554 μόνον
1266 3471 1346 3547 ἀλλ’,
1379 3477 1420 3543 ῶς

171 3571 292 3657 εἴρηται,
315 3572 363 3634 καί
385 3574 442 3632 πᾶν
465 3571 604 3653 αἰσθητδν
627 3574 670 3655 τῷ
688 3570 812 3653 ἐνεργεῖν
835 3576 909 3634 κινεῖ
928 3572 979 3640 τάς
1000 3573 1166 3656 αἰσθήσεις·
1201 3575 1233 3637 τδ
1257 3574 1289 3637 δὲ
1312 3580 1420 3659 χρῶμα

172 3677 220 3739 καί
242 3673 295 3737 οἰικ
317 3674 363 3736 ἀεί
385 3671 445 3736 ἀλλ’
466 3672 534 3736 όταν
557 3674 750 3757 ἐλλάμπηται,
773 3674 821 3737 καὶ
836 3673 915 3745 όταν,
938 3677 979 3744 ῶς
994 3676 1080 3744 αὐτὸς
1102 3672 1170 3761 ἔφη,
1191 3678 1210 3760 ῆ
1234 3676 1251 3739 ῦ
1258 3680 1301 3760 λη
1325 3677 1418 3763 αὐτῷ

170 3780 286 3862 παρῆ,
319 3776 352 3839 τδ
374 3774 519 3859 διαφανέα,
552 3776 568 3839 δ
592 3778 654 3859 ἅμα
680 3776 728 3839 καί
750 3779 857 3839 τελειοῖ
882 3777 918 3840 τά
944 3780 1089 3863 χρώματα
1116 3784 1158 3862 τῷ
1181 3780 1256 3864 φωτί
1279 3781 1326 3842 καί
1349 3782 1420 3843 εἰδο-

121 3981 133 4034 l
152 3979 238 4051 φωνὴ]
257 3980 497 4050 c1.Simplic.1.c.
518 3980 598 4047 142,4
689 3982 720 4034 16
739 3982 771 4035 οἰ.
791 3984 901 4037 Aristot.
918 3984 1027 4037 424116
1116 3984 1148 4038 31
1169 3990 1219 4037 πᾶν
1237 3984 1369 4056 αἰσθητὸν]
1388 3987 1421 4041 cf.

116 4066 227 4122 Aristot.
244 4067 357 4121 438b22
622 4073 625 4080 '

120 4241 133 4293 l
162 4242 205 4294 ml
223 4241 281 4314 γὰρ]
301 4240 330 4294 οδ
349 4242 394 4314 γάρ
412 4242 578 4306 BH¹LM¹QN
597 4242 717 4310 (Ficinus
735 4244 831 4311 etenim)
938 4249 1026 4315 φωνῆς
1043 4245 1154 4298 11²P²bw
1173 4247 1291 4313 (Ficinus
1309 4250 1387 4315 υοιαέ)

119 4327 219 4398 2μήτι
236 4330 358 4399 alterum]
378 4329 441 4400 μηδὲ
461 4329 569 4382 codd.b
650 4330 767 4399 bmarg.
785 4329 806 4383 L
825 4331 915 4403 ἀπορία
1004 4333 1119 4403 Gmarg.
1139 4334 1159 4386 L
1178 4332 1245 4392 λόσις
1327 4335 1420 4389 Ίίοτι.

117 4417 194 4489 (περὶ)
211 4420 291 4469 ταῦτα
413 4417 443 4488 δὴ
463 4417 570 4485 scripsi:
593 4415 619 4469 δί
638 4418 708 4487 vulg.
836 4418 852 4471 9
878 4423 923 4471 τοῦ
943 4437 975 4473 ex
994 4419 1082 4495 οωδ
1210 4420 1242 4474 10
1269 4421 1341 4490 αὐτὸ]
1361 4423 1420 4477 fort.

117 4502 196 4557 αὐτοῦ
312 4505 344 4558 17
370 4502 502 4575 παθήματι
520 4506 591 4575 ταῖς.
708 4506 739 4559 18
767 4505 936 4579 ἀπορεόσαντα
955 4508 1028 4562 1.¹bw
1144 4508 1177 4561 22
1204 4528 1231 4562 τε
1250 4525 1299 4563 om.
1319 4511 1351 4562 L¹

118 4590 153 4645 23
170 4591 234 4652 τίδος
251 4592 307 4646 L¹w
418 4592 451 4645 24
469 4593 638 4665 ἐνεργέστερόν
657 4594 720 4657 wa
833 4594 865 4647 26
885 4597 1049 4666 γραμμάτων
1068 4595 1114 4649 L11
1227 4596 1260 4649 29
1279 4598 1325 4667 τὴν
1344 4614 1422 4667 supra

118 4746 183 4784 vers.
201 4731 236 4783 L:
259 4746 309 4784 om.
327 4731 347 4783 Β
470 4732 517 4803 τὴν
535 4731 612 4785 αδτοῦ
631 4693 724 4804 ἰνέργεῖ
739 4733 800 4785 ΙδΙε
823 4734 869 4804 τῆν
889 4734 982 4806 ἐνεργεῖ
998 4734 1075 4786 αἰτοῦ
1094 4734 1146 4789 Pb:
1171 4736 1262 4807 ἐνεργεῖ
1278 4736 1325 4804 τήν
1343 4736 1420 4789 αὑτοῦ

116 4810 166 4871 111¹
271 4818 293 4871 εἰ
312 4819 348 4889 μῆ
367 4815 481 4888 καθάπερ
499 4817 528 4871 τδ
548 4821 588 4872 bis
606 4820 639 4872 11¹
739 4821 770 4873 31
792 4822 835 4873 καί
855 4821 900 4873 1¹:
921 4836 971 4873 om.
989 4824 1066 4875 ceteri
1164 4829 1214 4876 πᾶν
1233 4822 1352 4896 αἰσθητὸν
1371 4840 1422 4877 om.

117 4904 244 4969 BL11¹QV
