3510 5610
204 319 245 382 48
381 320 631 374 ARISTOPHANIS
650 320 831 373 HISTORIAE
851 320 1042 374 ANIMALIUM
1060 321 1208 374 EPITOME
1227 320 1383 375 1150-53

257 489 303 553 διὰ
325 493 377 576 τῆν
401 492 557 578 ἰσχνότητα
580 493 613 556 ού
637 495 752 579 βαρείας
772 496 908 579 τυγχάνει
930 498 981 576 τῆς
1007 497 1129 578 πληγῆς.
1249 493 1327 557 οῦτοι
1349 494 1381 558 δέ
1402 495 1505 577 γυμνοὶ

257 592 309 675 μέν
331 595 386 658 εἰσι
409 597 526 671 πάντες,
548 601 655 664 κοιναῖς
677 596 709 659 δὲ
732 602 860 680 χρῶνται
882 596 929 659 καὶ
951 596 1057 678 γυναιξὶ
1080 598 1128 660 καλ
1150 595 1268 671 τέκνοις,
1291 600 1450 681 πολεμοῦσι
1472 596 1505 660 δέ

257 697 321 780 περὶ
343 703 401 761 τῶν
423 697 519 762 τόπων
542 699 692 782 ἀλλήλοις,
722 699 948 781 μεταλλάττουσι
976 699 1057 761 δὲοὶ
1080 702 1208 762 πλεῖστοι
1230 702 1306 785 λιμῷ
1331 700 1505 781 πιεζόμενοι,

255 801 472 882 γλαυκωμάτῶν
496 801 560 883 περὶ
584 800 618 863 τὰ
640 802 817 884 πεντήκοντα
839 799 892 884 ἔτη
914 806 974 871 τοῖς
996 799 1121 885 ῦμμασιν
1144 801 1364 887 ἐπιτρεχόντιυν.

229 916 242 961 5
339 903 412 986 (51)
438 898 502 966 Ὅτι
526 903 598 986 μετά
620 903 686 972 τοὺς
707 903 876 987 εἰρημένους
894 904 964 966 είσλν
981 905 1008 966 οί
1023 904 1101 988 παρὰ
1116 910 1175 974 τοῖς
1189 905 1340 989 ἐγχωρίοις
1355 905 1505 990 λεγόμενοι

256 1006 415 1088 κυνηγέται.
449 1005 529 1069 οῦτοι
552 1006 584 1068 δὲ
606 1006 651 1068 ῦιά
673 1007 802 1088 τὴντῶν
823 1006 932 1089 θηρίων
956 1007 1057 1092 φοράν,
1081 1008 1116 1091 ῆν
1139 1006 1258 1077 ότόπος
1273 1007 1396 1071 ἀπλετον
1412 1009 1504 1095 φέρει,

256 1109 285 1171 ἐν
309 1112 369 1177 τοῖς
391 1109 518 1193 δένδρεσι
541 1110 592 1190 μὲν
615 1113 778 1192 σκηνοῦσιν,
801 1109 831 1178 ἐξ
853 1109 971 1192 ἐνέδρας
992 1110 1024 1171 δὲ
1040 1110 1207 1193 ἀγρεύοντες
1228 1109 1263 1172 τά
1286 1111 1373 1194 θηρία
1394 1114 1504 1197 τροφὴν

256 1212 370 1280 ἑαυτοῖς
396 1216 485 1275 ταῦτα
511 1216 667 1274 ποιοῦνται.
711 1213 767 1275 εἰσὶ
795 1213 843 1275 καὶ
870 1211 977 1280 τοξείας
1004 1212 1203 1295 ἐπιστήμονες.
1251 1214 1323 1276 ἐπὰν
1351 1214 1383 1276 δὲ
1410 1214 1505 1298 θῆρας

256 1315 403 1399 ἀπορῶσι,
437 1320 495 1383 τοῖς
529 1313 649 1398 δέρμασι
683 1318 740 1377 τῶν
773 1313 1033 1398 προτεθηραμένων
1067 1315 1119 1397 τῆν
1152 1313 1261 1378 ἔνδειαν
1295 1317 1503 1400 ἀναπληροῦσι,

216 1432 242 1477 10
256 1417 402 1502 βρέξαντες
423 1419 474 1486 τάς
495 1417 602 1502 βύρσας
623 1417 671 1479 καὶ
694 1415 740 1480 ἐπ’
762 1417 918 1501 ἀνθρακιὰν
941 1419 1052 1502 κούφην
1075 1416 1273 1503 ἐπιβαλόντες,
1301 1417 1363 1482 εἶτα
1389 1420 1504 1482 σποδιά-

256 1543 356 1590 σαντες
379 1523 426 1584 καὶ
449 1522 490 1589 εἰς
511 1521 645 1604 διαίρεσιν
669 1519 831 1603 ἀγαγόντες.

340 1624 412 1707 (52)
436 1618 500 1687 Ὅτι
523 1622 596 1706 μετὰ
622 1623 688 1692 τοῦς
714 1622 899 1706 εἰρημένους,
926 1623 999 1686 πολὺ
1027 1624 1135 1686 τούτων
1163 1625 1330 1709 ἀφεστῶτες
1357 1628 1405 1689 καλ
1433 1628 1505 1710 πρδς

255 1726 378 1810 ἑσπέραν
402 1728 509 1808 μᾶλλον
533 1726 739 1800 ἀνατείνοντες,
768 1727 838 1788 εἰσίν
865 1726 893 1788 οἳ
920 1726 953 1788 ἐκ
980 1731 1032 1809 τῆς
1059 1731 1117 1789 τῶν
1143 1726 1307 1812 ἐλεφάντων
1336 1728 1429 1813 θῆρας
1455 1730 1503 1791 τὸν

255 1830 315 1914 βίον
342 1833 497 1892 ποιοῦνται.
542 1829 569 1890 οί
597 1829 647 1911 μὲν
674 1829 733 1891 ἀπδ
760 1829 884 1913 δένδρων
910 1827 957 1913 ἐφ’
983 1829 1024 1891 ῶν
1051 1830 1193 1912 κάθηνται
1220 1835 1393 1901 σκοποῦντες
1418 1832 1470 1901 τάς
1497 1831 1501 1915 A

216 1947 240 1991 15
255 1931 396 2016 παρόδους
418 1936 475 1994 τῶν
498 1932 619 2014 θηρίων,
641 1936 703 1999 ταῖς
726 1932 777 2014 μὲν
797 1933 880 2015 χερσὶ
903 1936 955 2014 τῆς
969 1930 1056 2015 οὐρᾶς
1078 1930 1242 2017 λαβόμενοι,
1265 1937 1324 2003 τοῖς
1347 1937 1415 1997 ποσὶ
1438 1936 1557 1998 δὲκοιοε

254 2036 325 2117 πρδς
346 2035 394 2097 τδν
419 2036 509 2118 μηρόν
524 2035 573 2096 τὸν
589 2035 738 2117 ἀριστερὸν
761 2034 966 2118 ἐπιβαίνουσιν·
993 2033 1054 2104 εἶτα
1077 2034 1202 2109 πελέκει,
1226 2035 1257 2098 δν
1278 2036 1437 2121 ἐπιτήδειον
1455 2039 1503 2101 καλ

255 2137 368 2220 ἕτοιμον
391 2135 507 2222 ἔχουσι,
534 2137 586 2219 τῆν
613 2136 706 2205 δεξιόν
733 2137 808 2218 ἰγνύν
833 2140 953 2204 πυκναῖς
975 2142 1037 2205 ταῖς
1059 2141 1182 2219 πληγαῖς
1203 2141 1351 2222 χρώμενοι
1372 2163 1502 2224 νευροκο-

253 2244 369 2303 ποῦσιν·
396 2241 472 2303 ούτω
495 2241 527 2302 δέ
549 2239 672 2308 ἐκτενῶς
694 2244 730 2322 τῆ
749 2240 800 2322 μὲν
824 2239 1031 2324 καταφέροντες
1047 2244 1085 2323 τῆ
1103 2241 1135 2303 δὲ
1149 2245 1201 2324 τῆς
1223 2240 1312 2325 ούρῦς
1334 2248 1502 2326 κρατοῦντες

254 2346 295 2412 ῶς
323 2342 416 2405 ἀθλου
445 2341 632 2426 προκειμένου
662 2347 712 2426 τῆς
738 2347 851 2427 ψυχῆς·
885 2343 904 2425 ῆ
931 2342 984 2426 γὰρ
1012 2343 1178 2406 ἀποκτεῖναι
1200 2344 1290 2428 ἐχρῆν
1314 2345 1332 2428 ῆ
1357 2349 1501 2422 τελευτᾶν,

211 2443 342 2527 νοάλλην
366 2450 415 2508 τοῦ
439 2450 539 2529 καιροῦ
562 2444 686 2514 διέξοδον
710 2444 762 2507 οὐκ
785 2442 912 2529 ἔχοντος.
952 2445 1023 2508 ἐπάν
1046 2446 1078 2508 δὲ
1100 2446 1132 2508 τδ
1156 2449 1232 2531 ζῷον
1256 2447 1289 2509 ἐκ
1312 2453 1364 2532 τῆς
1387 2452 1502 2533 πληγῆς

252 2550 300 2612 καὶ
322 2554 375 2633 τῆς
396 2548 582 2632 αἱμορραγίας
604 2549 692 2631 πέση,
715 2551 742 2611 οἱ
765 2548 942 2632 συνθηραταὶ
964 2549 1163 2631 παραγίνονται
1185 2549 1233 2611 ἐπὶ
1256 2550 1288 2612 τδ
1311 2555 1428 2635 πτῶμα,
1452 2554 1501 2614 καλ

252 2656 303 2714 τοῦ
331 2652 433 2735 θηρίου
460 2655 567 2723 ζῶντος
594 2648 635 2713 ἔτι
662 2650 890 2735 παρατέμνοντες
918 2651 951 2713 ἐκ
976 2655 1034 2713 τῶν
1061 2651 1203 2713 ὀπισθίων
1229 2652 1281 2721 τὰς
1302 2655 1410 2737 σάρκας
1432 2653 1503 2717 εῦιυ-

252 2758 381 2839 χοῦνται,
404 2755 452 2817 τδν
475 2753 598 2839 ἔσχατον
621 2758 673 2816 τοῦ
695 2752 944 2836 καταπονηθέντος
967 2753 1058 2821 οῦτιυς
1081 2754 1273 2837 ὑπομένοντος
1296 2756 1429 2820 θάνατον.

251 2855 314 2920 ἀλλ’
339 2858 365 2920 οἱ
393 2859 445 2940 μὲν
474 2857 547 2940 μετὰ
575 2861 626 2918 τοῦ
653 2857 780 2940 ἐσχάτου
808 2856 937 2918 κινδύνου
963 2856 1192 2942 ἐλεφαντοθῆραι
1220 2856 1315 2920 οῦτοι·
1350 2859 1442 2944 έτεροι
1469 2861 1502 2923 δὲ

210 2976 237 3020 25
251 2962 381 3045 θηρῶσιν
408 2960 512 3027 αὐτούς
542 2959 643 3027 ούτῶς.
687 2964 762 3043 τρεῖς
789 2957 889 3043 ἀνδρες
916 2958 946 3020 ἓν
976 2960 1026 3040 μὲν
1055 2957 1173 3044 ἔχοντες
1199 2958 1294 3033 τόξον,
1325 2961 1439 3030 όῖστοδς
1468 2964 1501 3026 δὲ

252 3065 382 3138 πλείους,
408 3062 614 3148 κεχρισμένους
639 3067 676 3144 τῆ
704 3064 783 3145 χολη
812 3066 869 3122 τῶν
893 3059 1003 3144 όφεῶν,
1032 3063 1147 3125 έστῦισιν
1171 3062 1200 3123 ἐν
1223 3064 1326 3148 δρυμῷ
1350 3065 1428 3147 παρά
1450 3065 1502 3134 τὰς

252 3173 309 3231 τῶν
333 3166 441 3251 θηρίων
464 3164 617 3235 διεξόδους.
662 3164 734 3226 ἐπὰν
756 3162 805 3226 οῦν
829 3164 961 3248 προσάγη
984 3166 1016 3226 τδ
1038 3169 1126 3250 ζῷον,
1149 3166 1164 3226 ό
1189 3165 1240 3248 μέν
1263 3165 1305 3234 εἷς
1327 3167 1444 3252 κατέχει
1466 3169 1499 3232 τδ

251 3271 330 3341 τόξον
360 3274 404 3355 τῷ
434 3270 500 3332 ποδλ
530 3267 753 3352 προσβεβηκῶς,
783 3268 810 3329 οἱ
840 3267 872 3329 δὲ
900 3266 952 3329 δύο
981 3267 1033 3349 τὴν
1060 3267 1162 3351 νευρὰν
1190 3267 1360 3338 ἑλκύσαντες
1388 3270 1421 3332 ἐκ
1448 3276 1501 3354 τῆς

251 3373 367 3457 ἁπάσης
389 3373 450 3459 βίας
468 3373 583 3457 ἀφῆκαν
606 3371 638 3433 τδ
655 3371 747 3455 βέλος,
770 3369 821 3432 ἕνα
837 3371 944 3432 σκοπὸν
967 3366 1094 3454 ἔχοντες,
1117 3369 1164 3432 ἐπὶ
1188 3370 1278 3455 μέσην
1294 3373 1346 3455 τῆν
1362 3374 1499 3458 πλευράν,

210 3491 237 3534 30
251 3477 325 3540 ὥστε
348 3477 477 3547 διελάσαι
498 3481 551 3559 τῆς
572 3478 714 3558 περιοχῆς
736 3472 815 3542 ἐντδς
838 3472 972 3541 καὶτοὺς
994 3472 1115 3556 κυρτοδς
1136 3478 1232 3554 τεμεῖν
1254 3475 1303 3537 καλ
1325 3481 1434 3557 τρῶσαι
1455 3475 1500 3538 τό·

253 3602 332 3647 ποῦς.
376 3579 489 3642 ἐκεῖθεν
518 3579 550 3639 τό
581 3579 748 3661 τηλικοῦτον
779 3575 880 3659 θηρίον
910 3573 1099 3658 ἐλαυνόμενόν
1129 3599 1160 3638 τε
1191 3575 1238 3638 καὶ
1268 3578 1499 3661 σπαραττόμενον

251 3681 394 3745 διαλύεται
421 3682 469 3744 καὶ
497 3680 600 3742 πίπτει.
716 3678 788 3761 (53)
819 3678 909 3761 τρίτον
938 3678 970 3740 δέ
998 3678 1058 3741 ἐστι
1084 3678 1166 3760 γένος
1192 3678 1432 3764 ἐλεφαντοφάγων
1461 3681 1498 3760 οἵ,

197 3905 213 3957 5
237 3903 287 3970 ότι]
307 3904 400 3973 Agath.
418 3920 459 3971 ap.
471 3903 545 3955 Phot.
558 3902 627 3955 Bibl.
645 3917 671 3969 ρ.
683 3866 939 3953 45‘22404452b7.
967 3898 1000 3951 cf.
1018 3899 1093 3951 Diod.
1109 3899 1190 3952 11125
1333 3902 1362 3954 12
1389 3902 1438 3972 ότι]
1458 3904 1553 3973 Agath.

197 4009 238 4060 ap.
256 3992 331 4045 Phot.
349 3992 416 4045 Bibl.
434 4008 459 4059 p.
472 3989 652 4042 452b8-34.
681 3988 714 4041 cf.
733 3988 809 4040 Diod.
822 3987 858 4039 111
871 3986 904 4038 26
1047 3985 1080 4038 32
1105 3986 1198 4057 τρίτον]
1221 3989 1315 4056 Agath.
1333 4006 1374 4057 ap.
1391 3991 1466 4043 Phot.
1484 3992 1553 4044 Bibl.

198 4097 223 4147 p.
236 4077 498 4132 452b34—453al5
520 4077 552 4130 cf.
573 4078 648 4130 Diod.
661 4078 696 4130 111
710 4076 753 4130 21.
776 4075 861 4128 strab.
874 4075 936 4127 XVI
956 4091 981 4142 [ι.
995 4072 1046 4125 772

200 4286 211 4336 1
232 4284 300 4337 οὗτοι
318 4285 406 4338 phot:
429 4282 537 4337 ούτιυΙ)
635 4283 780 4353 2χρῶνται
799 4281 826 4334 δέ
844 4286 935 4339 κοινοῖς
953 4281 997 4333 καί
1015 4281 1110 4339 τέκνοις
1129 4282 1173 4333 καλ
1190 4278 1283 4351 γαναιξλ
1301 4281 1375 4334 Phot.
1473 4284 1553 4336 ύκυ·

196 4375 295 4443 νηγίται
312 4373 334 4425 Ι)
354 4372 441 4424 Phot.:
466 4373 568 4443 κυνηγοὶ
587 4371 662 4423 Diod.
767 4370 793 4422 δὲ
812 4370 847 4422 D:
871 4386 921 4422 om.
935 4369 1009 4422 phot.
1112 4368 1196 4420 10.11
1218 4367 1391 4427 σποδιάσαντες
1409 4370 1444 4422 D:
1469 4371 1552 4424 σποδί-

196 4476 281 4517 σαντες
299 4460 375 4512 Phot.
391 4461 467 4513 Diod.
596 4458 626 4511 12
650 4458 712 4511 πολύ
730 4458 818 4510 Phot.:
843 4456 970 4510 πολλοὶΙ)
1102 4456 1133 4510 13
1158 4457 1261 4526 ἑσπέραν
1280 4456 1367 4509 Phot.:
1393 4457 1552 4528 έέσιτίρανθ

198 4547 228 4599 14
253 4546 361 4617 δένδρων
379 4546 416 4616 ἐφ’
431 4547 467 4599 ῶν
485 4546 520 4598 D:
545 4546 645 4616 δένδρου
663 4548 694 4616 ἐφ
713 4544 734 4617 ᾦ
752 4546 827 4598 Phot.
936 4545 967 4596 16
992 4543 1051 4615 πρὸς
1070 4546 1144 4599 Phot.
1160 4544 1249 4596 Diod.:
1273 4541 1348 4602 ῶςΙ)
1455 4544 1551 4614 ἐπιβαί·

196 4651 276 4687 νουσιν
294 4635 316 4687 1)
335 4636 421 4687 phot:
447 4634 612 4687 scribendum
631 4633 797 4703 ἐπιβαίνοντες
892 4632 924 4684 18
947 4636 980 4703 τῆ
999 4634 1044 4702 μὲν
1062 4634 1150 4686 Phot.:
1174 4632 1220 4700 τἠν
1238 4631 1322 4700 μένΙ)
1424 4632 1453 4686 19
1472 4630 1552 4685 ἄθλου

196 4723 359 4793 προκειμένου
377 4722 465 4774 Phot.:
489 4718 580 4780 ἄθλους
598 4722 775 4792 προκειμένους
793 4721 815 4772 I)
903 4720 953 4790 χρὴ
972 4720 1047 4773 Phot.
1137 4719 1170 4772 20
1188 4718 1220 4771 δι’
1236 4717 1358 4780 ἔξοδονΙ)
1447 4720 1481 4773 24
1499 4719 1552 4773 ἐλι-

196 4813 351 4882 φαντοθῆραι
369 4811 456 4862 Phot.:
484 4809 718 4879 ἐλεφαντόθηρεςλ)
853 4806 921 4860 οὗτοι
942 4809 975 4859 D:
1000 4813 1107 4860 τοιοῦτοι
1125 4808 1199 4859 l'hot.
1332 4806 1366 4859 30
1390 4807 1497 4860 διελάσαι
1516 4809 1551 4860 D:

196 4897 306 4951 διανύσαι
324 4897 398 4949 Phot.
534 4895 567 4948 32
591 4895 615 4948 οί
631 4897 667 4948 D:
692 4895 797 4949 ephot.
