3510 5610
624 1510 840 1578 PRISOIANI
862 1509 1121 1579 PHILOSOPHI
1242 1563 1247 1572 .
1527 1509 1576 1625 5⁸2³

677 1636 680 1641 ’
736 1629 1002 1698 SOLVTIONES
1496 1638 1603 1679 uerene.

238 1748 386 1816 EORVM
410 1752 467 1817 DE
490 1750 644 1831 QVIBVS
665 1751 900 1820 DVBITAVIT
922 1749 1142 1820 CHOSROES
1165 1753 1390 1820 PERSARVM
1411 1755 1508 1822 Rux.
1591 1757 1595 1764 “

739 2187 1023 2254 PROOEMIUM

222 2373 237 2418 t
335 2359 413 2422 Cum
438 2358 501 2422 siut
527 2359 644 2423 multae
672 2367 703 2423 et
725 2359 831 2423 uariae
858 2360 890 2423 in
918 2356 1097 2443 quaestione
1123 2361 1358 2445 propositiones,
1386 2366 1417 2424 et
1443 2383 1499 2425 un·

249 2461 447 2545 umquodque
485 2462 655 2546 capitulum
694 2461 868 2526 differentes
904 2462 1019 2526 habeat
1055 2462 1331 2546 interrogationum
1370 2464 1500 2528 occasio·

251 2585 318 2644 nes,
353 2564 558 2628 necessarium
586 2573 633 2628 est
661 2586 716 2649 per
743 2564 864 2651 singula
890 2570 1067 2648 separantes
1092 2565 1234 2629 similiter
1267 2566 1499 2649 quaestionibus

249 2672 323 2750 apte
355 2665 490 2730 adunare
524 2666 707 2747 solutionem
741 2671 773 2731 et
799 2667 912 2731 eisdem
935 2667 1109 2761 ⁸diligentes
1135 2688 1170 2731 ac
1196 2667 1316 2732 ualidas
1350 2669 1499 2754 approba·

248 2769 347 2833 tiones
383 2776 536 2852 quantum
573 2769 718 2854 possibile
760 2776 807 2834 est
842 2770 988 2834 adhibere
1023 2776 1166 2840 ueterum
1203 2778 1362 2855 excerptas
1398 2771 1497 2851 libris;
1583 2840 1589 2853 ,

209 2885 237 2930 1o
249 2871 335 2935 breui
358 2871 485 2955 quidem
508 2879 539 2935 et
561 2892 699 2937 connexo
722 2893 862 2957 sermone
884 2880 1022 2953 utentes,
1049 2873 1094 2936 ita
1116 2878 1152 2936 ut
1174 2894 1275 2957 neque
1297 2873 1386 2958 copia
1408 2874 1500 2958 longa

248 2974 420 3058 perturbet,
447 2995 548 3058 neque
575 2975 648 3058 quid
675 2976 904 3061 praetermittat
931 2974 1102 3040 secundum
1128 2982 1265 3039 nostram
1292 2976 1440 3040 uirtutem
1469 2986 1500 3042 et
1514 2994 1541 3036 ro

248 3076 306 3140 hoc
341 3076 496 3160 praesenti
533 3077 603 3141 usui
640 3076 784 3141 decorum
821 3079 971 3163 disputari
1015 3077 1235 3161 indigentium:
1280 3085 1406 3163 propter
1442 3081 1499 3145 hoc

249 3179 344 3243 etiam
367 3179 515 3262 corrigere
538 3200 617 3263 quae
638 3180 753 3264 scripta
773 3187 847 3244 suut
869 3181 1059 3258 uolentibus,
1088 3186 1143 3244 aut
1168 3200 1275 3244 eorum
1303 3182 1390 3265 quasi
1416 3189 1498 3248 recte

251 3289 281 3345 et
313 3281 392 3345 bene
424 3281 591 3347 habentem
625 3283 761 3367 recipere
794 3284 1041 3369 conceptionem,
1078 3282 1168 3347 facile
1201 3283 1256 3347 fiat
1287 3283 1426 3368 accipere
1460 3305 1498 3348 ex

208 3397 236 3443 15
249 3382 394 3468 qualibus
419 3382 495 3448 haec
522 3385 690 3451 constituta
722 3392 796 3449 sunt
823 3386 923 3464 libris,
956 3385 1109 3450 recordari
1134 3393 1166 3450 et
1191 3385 1273 3469 ipsos
1294 3387 1351 3450 'ubi
1378 3394 1498 3451 ueteres

250 3485 457 3570 cognouimus.
507 3507 545 3550 ex
570 3487 740 3551 Platonico
765 3487 848 3551 enim
883 3487 1010 3552 Timaeo
1037 3487 1262 3572 Phaedoneque
1295 3495 1326 3552 et
1359 3488 1498 3554 Phaedro

250 3597 281 3654 et
310 3588 425 3653 Politia
459 3596 490 3653 et
518 3589 600 3653 aliis
620 3590 876 3655 conuenientibus
915 3590 1176 3674 disputationibus
1213 3598 1371 3674 assumpta
1404 3598 1498 3676 atque

252 3693 391 3757 confecta
423 3699 510 3776 sunt,
544 3699 576 3756 et
603 3692 777 3757 actionibus
799 3692 974 3759 Aristotelis
1001 3692 1038 3757 de
1060 3692 1190 3776 Physica
1222 3701 1253 3757 et
1278 3694 1316 3758 dc
1339 3693 1422 3757 Caeli
1449 3716 1498 3778 ge·
1512 3711 1540 3753 ao

200 3984 249 4036 Tit.
275 3983 494 4037 Prisciani-rex
516 3983 551 4036 G:
575 3985 672 4053 Incipit
689 3984 756 4039 liber
774 3985 898 4054 prisciani
922 3984 953 4037 de
976 3985 1027 4038 hiis
1045 3986 1073 4038 in
1092 3986 1186 4054 quibus
1210 3983 1342 4037 dubitauit
1359 3984 1489 4040 Ohosdroe
1506 4003 1552 4041 rex

196 4087 339 4141 persarum.
375 4071 447 4124 Alibi
470 4074 510 4124 est
531 4071 624 4124 titulus
647 4072 698 4125 sic:
726 4071 875 4126 Solutiones
898 4072 1048 4141 philosophi
1071 4087 1159 4125 eornm
1183 4072 1214 4125 de
1237 4071 1333 4140 quibus
1357 4072 1488 4127 dubitauit
1506 4074 1552 4129 Co.

196 4177 217 4212 r.
229 4176 256 4228 p.
274 4159 307 4209 H
418 4157 434 4210 7
464 4158 625 4229 separantes]
645 4176 748 4228 separa·
770 4158 806 4212 G²
823 4161 848 4211 io
867 4178 920 4212 rar.
1039 4159 1056 4212 8
1084 4157 1270 4228 deligentesG
1388 4158 1404 4211 9
1431 4160 1553 4216 adhibere

199 4245 235 4299 0²
253 4248 278 4297 ia
295 4263 348 4297 raa.
465 4248 601 4314 excerptas
624 4245 660 4299 6²
677 4249 703 4299 ia
721 4266 772 4298 ras.
893 4247 921 4300 ll
951 4245 1096 4316 perturbet]
1117 4249 1154 4299 ·at
1175 4244 1212 4296 G'
1228 4245 1253 4295 or
1270 4263 1322 4298 raa.
1440 4252 1551 4316 praeter·

196 4337 279 4387 mutat
300 4333 349 4386 0¹:
369 4335 433 4400 sort.
457 4334 550 4400 ἠρινά.
568 4336 799 4401 praetermittatur,
823 4336 840 4386 ι’.
859 4352 881 4386 a.
902 4353 992 4403 praece
1013 4333 1194 4406 παραλείπηται
1320 4333 1351 4385 12
1378 4335 1551 4403 indigentium

199 4420 235 4474 θ’
256 4423 281 4472 in
304 4420 380 4473 litura
491 4421 523 4473 13
551 4436 638 4474 eorum
661 4421 697 4472 θ’
719 4423 743 4472 in
768 4423 842 4472 litora
955 4422 1124 4490 praesefert.
1146 4419 1162 4491 ἢ
1186 4419 1270 4472 αὐτῶν
1294 4418 1378 4493 ὥσπερ
1401 4420 1485 4492 ὀρθῶς
1498 4424 1553 4476 ,καὶ

195 4507 224 4562 ab
246 4508 353 4580 ἔχουσαν
376 4505 534 4569 ἐπιδέξασθαι
555 4508 601 4574 τὴν
625 4507 768 4579 κατάληψιν
917 4509 996 4577 recipi
1022 4507 1122 4560 wrm
1265 4519 1320 4558 ante
1343 4507 1419 4563 facile
1440 4511 1499 4562 odd.
1522 4515 1552 4565 ut

198 4596 312 4648 Doebacr
335 4593 435 4664 [praece
447 4597 512 4663 sort.
529 4597 582 4663 suit
601 4594 660 4668 ῥᾷον
678 4594 708 4648 ἂν
726 4597 821 4667 γένοιτο
843 4593 961 4657 δέξασθαι
983 4594 1009 4656 ἐξ
1028 4593 1123 4647 ὁποίων
1141 4598 1221 4647 ταῦτα
1239 4595 1374 4665 συνέστηκε
1393 4596 1495 4667 βιβλίων
1513 4601 1550 4668 τῷ

196 4686 364 4752 μνημονεῦσαι
382 4683 426 4734 καὶ
444 4681 533 4741 abacia:
552 4680 614 4735 ὅπου
631 4682 689 4742 τοὺς
707 4683 826 4755 ἀρχαίους
844 4681 1024 4760 ἐγνωρίσαμεν]
1133 4682 1164 4734 16
1183 4681 1344 4751 iaedoneque
1361 4689 1388 4738 at
1402 4684 1490 4737 faedro
1511 4684 1535 4737 G

199 4770 231 4823 18
257 4771 281 4821 a'u
298 4771 396 4839 proaem
417 4770 473 4840 περὶ
496 4769 615 4843 οὐρανοῦ,
638 4771 693 4843 περὶ
712 4773 831 4844 peristep:
854 4772 898 4824 καὶ
916 4767 1011 4841 φθορᾶς
1035 4769 1135 4821 aberam
1154 4769 1210 4840 περὶ
1231 4763 1275 4820 irat
1293 4771 1415 4822 excidisse
1438 4774 1550 4824 barloco

197 4859 314 4909 demotum
329 4858 408 4921 spirae
423 4869 494 4924 pam
