3510 5610
753 301 945 356 PRAEFATIO
1339 318 1344 325 ·
1497 311 1527 354 ιι

187 475 244 527 Ae.
264 476 314 528 XII
333 475 367 527 46
386 476 423 542 (p.
436 473 577 538 ern-ern)
691 475 712 526 ίί
727 473 778 526 565
797 475 833 540 (p.
852 473 955 533 1421-
970 473 1011 537 16)
1152 475 1173 526 il
1186 474 1237 526 tofi
1257 474 1294 541 (p.
1311 474 1489 540 inere-23)

207 579 290 647 Λόγος
312 597 360 630 που
383 578 476 650 διαρρεῖ
493 574 590 649 Τυμμη-
677 576 759 647 Λόγος
779 595 828 629 που
852 576 946 648 διαρρεῖ
962 573 1059 649 Τυμρη-
1145 575 1226 646 Λόγος
1244 576 1275 646 δή
1295 595 1343 630 που
1361 578 1454 649 διαρρεῖ
1463 573 1527 648 Τυμ-

170 667 213 722 νος
242 664 256 717 δ
283 663 364 734 λέγων
391 665 449 722 τούς
479 662 508 720 ὐς
534 662 591 720 τούς
642 663 684 721 νδς
711 663 725 716 δ
751 664 833 733 λέγων
861 664 920 721 τούς
947 662 975 721 ὐς
1000 664 1060 721 τούς
1111 663 1213 736 μηνικδς
1230 662 1243 715 δ
1261 661 1342 732 λέγων
1353 665 1412 722 τούς
1429 662 1458 722 ὐς
1469 664 1529 721 τούς

171 752 272 823 ἀγρίους
292 754 336 805 καὶ
358 753 403 810 τὰς
424 749 486 824 παρ’
508 749 591 807 αὐτοῖς
643 751 742 822 ἀγρίους
760 752 803 803 καὶ
821 751 880 807 τούς
898 749 954 821 παρ’
976 749 1060 807 αὐτοῖς
1111 750 1210 822 ἀγρίους
1224 750 1268 802 καὶ
1280 751 1339 807 τούς
1352 751 1405 803 ἐκεῖ
1421 749 1529 820 ἐλάφους

171 838 282 909 ἐλάφους
299 838 346 892 ὐπδ
360 838 468 892 ὐικτύων
487 840 532 906 μὲν
548 838 591 889 καὶ
643 838 749 909 ἐλάφους
766 838 815 890 ὐπὸ
832 836 940 892 δικτύων
959 838 1004 904 μέν
1016 838 1060 889 καὶ
1111 838 1160 891 ὐπδ
1170 837 1279 891 δικτύων
1289 833 1442 890 ἁλίσκεσθαι.
1456 852 1527 888 συνα-

172 926 223 978 orti>
245 933 329 979 κυνῶν
352 923 505 989 ἁλίσκεσθαι,
528 923 591 995 ᾗπερ
643 932 727 978 κυνῶν
750 924 903 987 ἁλίσκεσθαι,
930 924 994 997 ἠπεμ
1016 924 1059 978 οὐν
1112 925 1241 994 γωνίζεται
1260 924 1286 977 δὲ
1309 931 1340 995 τῇ
1360 922 1427 995 θήρφ
1447 922 1527 993 ταύτη

173 1012 218 1066 οὐν
242 1011 321 1085 θήρας
346 1014 428 1083 νόμος,
457 1030 591 1082 συναγωνι-
643 1011 723 1084 θήρας
750 1013 833 1081 νόμος,
865 1014 1060 1083 συναγωνιζομέ-
1112 1013 1155 1064 καί
1180 1010 1263 1068 αὐλός.
1296 1010 1367 1064 αὐλεῖ
1391 1012 1438 1082 γὰρ
1465 1010 1528 1081 ἀνὴρ

173 1102 282 1172 Ιζομένης
303 1101 330 1154 δέ
356 1101 440 1159 αὐτοῖς
463 1104 509 1170 τῆς
532 1116 591 1167 μου·
644 1119 687 1169 νης
711 1099 737 1152 δὲ
760 1100 844 1159 αὐτοῖς
869 1105 915 1170 τῆς
938 1105 1061 1169 μουσικῆς
1111 1098 1226 1169 τεχνίτης
1251 1098 1294 1150 καὶ
1312 1097 1348 1155 ὡς
1366 1095 1404 1149 ὅτι
1422 1096 1529 1165 μάλιστα
1586 1098 1590 1106 ’

174 1192 248 1259 εικῆς
270 1189 312 1240 καὶ
339 1187 444 1257 μᾶλλον.
480 1193 535 1244 πῶς
558 1185 592 1249 δέ,
644 1188 687 1239 καὶ
717 1187 821 1255 μᾶλλον.
858 1194 912 1246 πως
940 1188 981 1252 δέ,
1011 1186 1059 1256 ἤδη
1112 1192 1225 1258 πειρᾶται
1239 1191 1284 1239 τοῦ
1297 1181 1529 1253 μίλουςύποχαλᾶν

173 1276 223 1346 ἤδη
243 1275 317 1345 λέγω.
339 1278 371 1328 τὰ
389 1277 434 1343 μέν
446 1275 535 1328 δίκτυα
550 1292 592 1325 πε·
644 1274 718 1344 λέγιυ.
754 1277 786 1327 τὰ
810 1276 854 1343 μὲν
882 1274 972 1328 δίκτυα
994 1293 1059 1346 περι·
1112 1274 1155 1325 καί
1169 1270 1183 1324 ό
1197 1292 1220 1326 τι
1234 1274 1295 1325 ποτέ
1309 1272 1360 1324 ἐστι
1373 1275 1420 1341 τῆς
1434 1269 1529 1339 μούσης

175 1362 318 1434 μιβάλλουσι
340 1364 432 1432 καὶτὰ
454 1361 529 1414 λοιπὰ
547 1358 593 1429 θή-
645 1361 763 1432 βάλλουσι
789 1363 833 1414 καὶ
859 1364 891 1414 τὰ
917 1362 991 1415 λοιπὰ
1013 1361 1060 1431 θή-
1112 1359 1227 1412 σύντονον
1246 1361 1283 1430 ἐᾷ,
1306 1365 1354 1411 πᾶν
1372 1358 1398 1410 δέ
1416 1355 1455 1409 ὅτι
1472 1355 1528 1426 γλύ-

175 1469 262 1521 ματμα,
289 1447 335 1502 όσα
357 1448 451 1519 ἐλλοχᾷ
473 1451 505 1500 τὰ
528 1448 593 1517 ζῷα·
645 1467 731 1521 ματρα,
758 1447 804 1502 ὅσα
826 1430 919 1520 ἐλλοχᾷ
939 1451 971 1502 τά
994 1451 1058 1519 ζῷα·
1112 1464 1196 1500 κιστον
1222 1445 1346 1516 αὐλῳδίας
1375 1450 1450 1498 τούτο
1477 1440 1528 1516 ᾅδει

175 1538 267 1607 ἔστηκε
284 1536 310 1590 δέ
329 1538 392 1609 ἀνὴρ
410 1535 496 1588 αὐλῶν
514 1534 594 1604 τεχνί·
645 1536 736 1606 ἕστηκε
753 1536 779 1589 δέ
797 1537 860 1607 ἀνὴρ
879 1536 963 1589 αὐλῶν
981 1536 1061 1607 τεχνί-
1112 1533 1204 1604 ἠσυχίᾳ
1218 1553 1245 1586 τε
1263 1536 1306 1586 καί
1324 1532 1423 1605 ἠρεμίφ,
1442 1532 1485 1583 καί
1499 1531 1528 1584 τὸ

174 1643 221 1695 της
239 1626 283 1677 καὶ
302 1624 338 1683 ὡς
356 1624 393 1677 ότι
418 1623 525 1692 μάλιστα
543 1641 594 1674 πει·
645 1642 691 1692 της
710 1624 753 1675 καί
777 1623 813 1681 ιύς
831 1623 869 1676 ὅτι
893 1623 999 1692 μάλιστα
1017 1628 1061 1676 τοῦ
1113 1620 1189 1688 μέλος
1212 1622 1247 1677 είς
1264 1621 1296 1672 τὰ
1319 1619 1373 1671 ὦτα
1396 1619 1470 1689 εἰσρεῖ
1486 1618 1529 1669 καὶ

175 1719 248 1779 μᾰται
274 1717 320 1764 τοῦ
342 1711 432 1781 μέλους
454 1710 593 1780 ὐποχαλοῖν,
647 1711 738 1778 μέλους
750 1717 863 1782 πειρᾶται
875 1711 1005 1781 ὐποχαλᾶν
1018 1713 1061 1763 καὶ
1113 1709 1152 1761 διά
1166 1726 1194 1776 γε
1206 1708 1236 1759 τύ
1250 1706 1328 1776 ἄηθες
1342 1705 1457 1774 δείματος
1469 1704 1528 1757 ὐπο-

175 1800 220 1851 καί
238 1799 275 1851 δτι
287 1801 347 1852 ποτέ
366 1800 417 1852 ἐστι
435 1804 481 1868 τῆς
499 1798 595 1867 μούσης
647 1798 684 1851 ὅτι
712 1801 773 1852 ποτέ
806 1794 858 1851 ἐστί
890 1803 936 1868 τῆς
968 1798 1062 1869 μούσης
1114 1794 1267 1864 πίμπλανται
1284 1794 1317 1846 τά
1332 1794 1393 1862 (apin,
1411 1792 1465 1844 εἶτα
1482 1810 1527 1861 κη-

176 1887 295 1939 οὐντονον
314 1887 350 1957 ἐᾷ,
374 1893 422 1939 πᾶν
440 1886 466 1938 δὲ
481 1883 519 1937 ότι
536 1884 593 1955 γλύ·
646 1886 762 1938 σἰντονον
780 1887 817 1956 ἐᾷ,
839 1892 887 1939 πᾶν
906 1886 931 1938 δὲ
949 1883 987 1939 ὅτι
1005 1885 1062 1955 γλύ-
1113 1883 1220 1950 λούμενα
1247 1878 1330 1951 λήθην
1357 1881 1461 1951 ἄρχεται
1482 1880 1528 1931 ποί-

176 1990 262 2027 κιστον
285 1973 411 2043 αὐλῳδίας
434 1979 509 2026 τοῦτο
532 1970 593 2042 ᾅδει.
646 1991 730 2026 κιστον
754 1973 877 2045 αὐλῳδίας
900 1979 975 2027 τοῦτο
997 1972 1061 2044 ᾅδει·
1115 1987 1182 2040 σχειν
1213 1969 1323 2038 ἐγγόνων
1355 1967 1399 2018 καί
1426 1973 1528 2037 χωρῶν.

175 2062 269 2136 ἠσυχία
287 2081 314 2114 τε
333 2063 376 2114 καί
394 2061 485 2132 ἠρεμία
504 2060 595 2130 ῥαδίως
646 2062 738 2134 ἠσυχία
754 2080 781 2115 τε
800 2064 843 2114 καί
861 2063 952 2133 ἠρεμία
971 2060 1063 2131 ῥᾳδίως
1115 2055 1197 2115 οὕτως
1225 2055 1268 2108 οὐν
1296 2052 1529 2123 καταγυητευθίντα

175 2148 410 2222 διαπομθμιύει,καί
420 2149 454 2207 είς
462 2150 507 2206 τὰς
516 2149 595 2218 ἄκρας
647 2148 1064 2221 διαπορθμεύει,καὶείςτύςᾶκρας
1115 2144 1230 2213 ἐμπίπτει
1247 2150 1301 2200 ταῖς
1319 2144 1416 2210 πάγαις.

176 2239 222 2290 καὶ
240 2239 275 2296 είς
291 2238 349 2296 τούς
366 2236 481 2293 αὐλῶνας
500 2238 542 2289 καὶ
561 2237 596 2293 είς
647 2238 690 2288 καί
709 2238 744 2294 είς
761 2239 818 2295 τούς
837 2236 951 2293 αὐλῶνας
969 2237 1012 2288 καὶ
1030 2235 1065 2292 είς

177 2327 211 2377 τά
228 2324 290 2395 δάση
310 2325 353 2377 καί
367 2326 400 2383 είς
413 2325 510 2381 ἁπάσας
527 2340 594 2376 συνε·
648 2326 679 2376 τὰ
697 2325 759 2394 δάση
779 2325 822 2376 καί
835 2325 869 2381 είς
883 2324 978 2381 ἁπάσας
997 2338 1063 2375 συνε-

177 2412 247 2464 λόντι
266 2413 343 2464 είπεῖν
367 2414 411 2469 τὰς
428 2418 480 2463 τῶν
501 2410 596 2482 δημίων
648 2412 717 2465 λόντι
735 2413 811 2464 εἰπεῖν
834 2414 879 2469 τὰς
896 2419 948 2464 τῶν
967 2409 1064 2482 θηρίων
1101 2424 1108 2434 ·

178 2500 267 2557 κοίτας
296 2500 340 2551 καὶ
367 2499 440 2557 εὐνὰς
465 2500 495 2551 τδ
522 2497 597 2567 μέλος
650 2499 735 2557 κοίτας
762 2501 805 2551 καὶ
832 2500 904 2557 εὐνὰς
933 2499 962 2551 τὸ
991 2499 1065 2566 μέλος

178 2587 266 2657 είσμεῖ·
285 2587 329 2638 καί
340 2587 371 2638 τά
385 2588 430 2654 μέν
449 2594 537 2657 πρῶτα
550 2606 595 2639 πα·
649 2589 729 2659 είομεῖ.
755 2588 840 2639 καὶτὰ
853 2588 897 2654 μέν
910 2593 999 2658 πρῶτα
1018 2605 1064 2637 πα-

178 2674 275 2745 ριόντος
293 2675 328 2731 είς
341 2676 373 2726 τὰ
387 2673 441 2726 ιύτα
454 2674 538 2731 αὐτοῖς
551 2680 596 2726 τοῦ
649 2677 742 2746 μιόντος
760 2674 843 2731 αὐτοῖς
856 2674 889 2731 είς
905 2673 937 2725 τὰ
950 2672 1004 2725 ὦτα
1020 2677 1064 2724 τοῦ

178 2762 246 2832 ἤχου
270 2762 412 2832 ἐκπέπληγε
438 2763 482 2813 καὶ
506 2761 545 2813 διὰ
567 2762 596 2814 τὸ
648 2764 714 2833 ἠχου
736 2761 886 2832 ἐκπίπληγε,
908 2763 951 2813 καί
974 2760 1013 2813 διὰ
1035 2760 1077 2812 τδ“

178 2849 259 2919 epte<
274 2867 323 2900 που
341 2850 384 2901 καὶ
403 2849 518 2916 δείματος
536 2849 596 2901 ὐπο-
648 2848 726 2920 ἄηθες
738 2848 801 2902 ὅπου
819 2849 863 2901 καί
875 2848 988 2916 δείματος
1004 2848 1062 2900 ὐπο·

177 2935 330 3004 πίμπλαται·
350 2936 402 2989 είτα
418 2938 536 3007 ἀκρατῶς
554 2937 597 2989 καί
648 2935 797 3004 πίμπλαται·
817 2936 869 2988 εἶτα
888 2937 1005 3007 ἀκρατῶς
1021 2937 1064 2987 καὶ

178 3025 288 3096 ἀμάχως
306 3023 370 3076 αὐτὰ
381 3023 460 3094 ἡδονὴ
477 3028 524 3092 τῆς
536 3023 596 3092 μού·
648 3026 756 3095 ἀμάχως
770 3023 833 3076 αὐτὰ
851 3023 928 3093 ἠδονὴ
947 3028 993 3093 τῆς
1005 3023 1064 3091 μού-

178 3127 226 3180 σης
243 3110 426 3181 περιλαμβάνει,
445 3113 488 3164 καί
504 3110 596 3182 κηλού-
648 3128 693 3182 σης
711 3111 894 3184 περιλαμβάνει,
913 3112 956 3163 καί
972 3110 1064 3180 κηλού-

178 3216 243 3265 μενα
261 3197 344 3267 λήθην
357 3198 409 3269 ἔχει
427 3200 470 3250 καί
488 3199 596 3267 ἐγγόνων
649 3217 710 3267 μενα
729 3197 811 3268 λήθην
830 3198 881 3267 ἔχει
899 3202 942 3252 καὶ
956 3200 1064 3269 ἐγγόνων

178 3286 223 3336 καί
236 3285 324 3338 οίκιιύν
337 3287 381 3337 καὶ
391 3285 493 3357 χώρων.
515 3286 597 3338 καίτοι
649 3288 691 3338 καί
704 3286 791 3339 οίκιῶν
800 3287 843 3337 καί
857 3293 959 3357 χωρῶν.
982 3286 1065 3338 καίτοι

178 3372 247 3441 φιλεῖ
267 3372 300 3424 τά
319 3370 396 3444 θηρία
418 3375 454 3443 μὴ
477 3373 525 3425 ἀπὸ
544 3381 597 3426 τῶν
648 3373 714 3443 φιλεῖ
731 3375 762 3426 τά
785 3371 861 3445 θηρία
884 3376 920 3442 μή
939 3373 988 3426 άπὸ
1012 3380 1064 3426 τῶν

178 3460 325 3529 συντρόφων
335 3461 437 3530 χωρίων
448 3459 596 3513 πλανᾶσθαι.
649 3461 794 3532 συντρόφων
805 3460 908 3532 χωρίων
917 3459 1064 3513 πλανᾶσθαι·

177 3550 211 3600 τά
229 3547 250 3599 δ’
271 3547 315 3601 οὐν
333 3545 450 3620 ’ίύμρηνὰ
471 3547 525 3600 κατ’
547 3547 596 3601 ὀλί-
648 3550 679 3601 τέ
697 3548 716 3600 δ’
739 3548 782 3601 οὐν
800 3543 918 3618 Τυρρηνοὶ
936 3548 995 3599 κατ’
1014 3547 1064 3601 θλί-

177 3653 222 3703 γον
247 3633 330 3704 ὥσπερ
357 3634 405 3687 ὐπό
427 3653 494 3693 τινος
516 3634 598 3705 ίυγγος
649 3654 692 3704 γον
716 3635 800 3705 ὥσπερ
824 3634 872 3687 ὐπό
893 3653 959 3693 τινος
983 3635 1064 3704 ίυγγος

177 3720 361 3792 ἀναπειθούσης
391 3721 519 3787 ἕλκονται,
554 3724 598 3775 καὶ
649 3720 830 3791 ἐναπειθούσης
870 3722 985 3775 ἕλκονται
1021 3725 1064 3775 καί

177 3809 425 3880 καταγοητεύσαντος
444 3815 489 3862 τοῦ
507 3810 598 3879 μίλους
649 3809 893 3880 καταγοητεύσαντος
910 3816 955 3862 τοῦ
974 3810 1064 3878 μέλους

178 3899 317 3968 ἀφικνεῖται
341 3899 384 3950 καὶ
406 3898 522 3965 ἐμπίπτει
542 3906 596 3956 ταῖς
649 3899 788 3967 ἀφικνεῖται
811 3899 854 3949 καί
877 3897 992 3964 ἐμπίπτει
1011 3905 1065 3956 ταῖς

178 3988 270 4054 πάγαις
298 3989 331 4055 εγ]
361 3984 442 4056 μούση
474 4003 594 4057 κιχειρω-
647 3987 735 4054 πάγαις
765 3987 798 4054 τῇ
834 3983 915 4054 μούοη
945 4002 1063 4055 κεχειρω-

179 4076 251 4143 μένα.
647 4075 718 4140 μένα.

265 4249 469 4335 competent
491 4250 620 4314 omnino
636 4255 756 4314 eertum
779 4246 972 4330 excerpendi
992 4247 1168 4328 eonsilium,
1191 4241 1267 4324 qnia
1281 4241 1529 4325 Aristophanem

179 4369 333 4434 Aelianus
355 4368 542 4433 Timotheus
564 4366 662 4434 oeteri
685 4374 771 4432 oerto
796 4366 907 4431 ordine
929 4365 1102 4450 excipiunt,
1124 4385 1189 4428 non
1210 4361 1374 4427 fortuitum
1394 4361 1530 4444 ridetur,

178 4489 266 4572 quod
281 4488 426 4554 breviata
437 4488 563 4553 Aeliani
575 4487 737 4570 Exoerpta
751 4505 877 4570 semper
892 4485 1025 4569 integris
1038 4483 1241 4550 antecedunt.
1271 4479 1476 4546 conferantur
1490 4499 1531 4545 ea

178 4608 389 4692 potissimum,
412 4607 526 4690 quibus
547 4605 712 4688 inscriptio
735 4604 846 4669 addita
866 4613 914 4669 est
927 4605 959 4686 ¹).
997 4603 1165 4687 Excerptis
1189 4601 1325 4666 Αίλιανοῦ
1349 4602 1401 4666 vel
1424 4601 1457 4664 ἐκ
1479 4605 1529 4664 τοῦ

418 4747 570 4755 -υ-

253 4816 271 4880 ¹)
293 4815 364 4867 Unus
383 4816 410 4866 in
429 4821 484 4866 tota
503 4814 687 4879 Excerptornm
708 4812 773 4863 serie
794 4812 868 4865 locus
885 4813 1019 4865 invonitur
1042 4812 1082 4863 bis
1100 4825 1131 4861 ex
1152 4809 1272 4877 Epitomn
1290 4810 1409 4875 receptus
1428 4804 1463 4874 [11
1482 4804 1529 4858 153

177 4920 203 4971 p.
218 4903 340 4965 isid-4.
360 4902 448 4954 11464
467 4900 652 4970 pleno—ep
689 4899 757 4966 qnod
776 4899 833 4952 ideo
852 4898 949 4952 fectum
969 4913 1071 4963 ιυιιεεο,
1093 4896 1161 4965 <prod
1181 4897 1211 4948 de
1235 4896 1357 4948 ιίιιαύιιε
1377 4896 1475 4957 bestiis,
1498 4893 1530 4946 de
