3510 5610
366 302 618 355 ARISTOPIIAXIS
638 303 823 356 HISTORIAE
841 304 1033 358 Amnius-11
1054 306 1202 359 EPITOME
1222 308 1243 359 H
1263 308 1409 361 208--216
1525 309 1567 374 85

261 475 421 559 λειπομένη
451 476 484 538 τδ
512 476 623 559 α’ληθὲς
651 475 874 559 ὲξευρίσκοντεςς
912 479 944 541 τό
972 479 1005 542 δὲ
1035 480 1209 564 μνημονικόν
1237 485 1288 563 τῆς
1316 482 1434 565 χάριτος
1463 485 1514 543 τοῦ

262 574 341 662 ζῴου
374 578 435 641 τίνα
468 581 525 641 τών
559 578 723 663 ἀχαρίστων
764 580 835 662 πρδς
871 579 1035 664 εὐεργεσίαν
1069 581 1103 644 ού
1137 582 1337 667 καταισχύνει,
1375 580 1448 646 ὅπου
1480 606 1513 665 γε

259 680 310 743 καί
335 681 500 765 φονευθείσι
529 680 679 750 δεσπόταις
706 679 770 744 κατ’
790 682 911 766 ἐρημίαν
938 686 1040 747 πολλοὶ
1070 688 1126 747 τών
1156 689 1249 748 κυνῶν
1280 685 1513 754 ἐπαποθανόντες

261 783 501 865 μνημονεύονταις
535 783 593 867 ἤδη
620 783 653 847 δέ
679 807 753 852 τινες
781 785 829 846 ἐπὶ
856 784 958 871 θερμῷ
989 790 1031 869 τῷ
1062 786 1150 850 πάθει
1176 788 1224 850 καὶ
1255 789 1354 871 ύδηγοὶ
1384 792 1444 857 τοῖς
1469 788 1513 851 ἐκ·

230 888 378 969 εζητοδσι
406 886 473 956 τούς
500 886 606 971 φονέας
632 886 778 968 ἐγένοντο,
809 888 856 950 καὶ
885 887 940 951 ύπδ
971 888 1051 972 δίκην
1079 889 1210 974 ἀχθῆναι
1239 891 1306 959 τούς
1334 890 1511 974 κακούργους

261 989 411 1073 ἐποίησαν.

343 1090 436 1174 (201)
463 1088 498 1155 Ὁ
521 1091 607 1160 λύκος
629 1090 690 1154 ἔστι
713 1093 764 1175 μὲν
784 1093 832 1155 καὶ
852 1092 938 1160 αύτδς
954 1093 1155 1176 καρχαρόδους
1176 1096 1297 1158 καὶτῶν
1313 1098 1510 1182 πολυσχιδών,

260 1193 370 1277 βαδίζει
392 1194 425 1257 δὲ
447 1193 520 1257 κατὰ
542 1195 703 1277 διάμετρον.
801 1194 894 1278 (208)
922 1192 985 1280 ἔχει
1008 1194 1040 1258 δὲ
1063 1196 1110 1256 τὸν
1137 1194 1248 1280 αὐχένα
1272 1197 1510 1280 μονοσπόνδυλον,

259 1296 393 1381 καθάπερ
415 1297 432 1359 ό
454 1298 538 1360 λέων.
639 1296 732 1379 (209)
760 1298 869 1360 αἰδοῖον
892 1298 924 1359 δὲ
947 1295 1010 1382 ἔχει
1035 1298 1162 1367 ὀστῶδες
1188 1299 1316 1382 καθαρὸν
1339 1301 1471 1385 καθάπερ
1496 1301 1511 1363 ό

215 1413 245 1458 ιο
258 1398 381 1483 ἀλώπηξ
404 1400 452 1462 καί
474 1400 493 1482 ῆ
515 1402 600 1483 γαλῆ.
702 1398 796 1481 (210)
824 1399 1001 1482 ἀνατμηθεὶς
1024 1401 1056 1462 δὲ
1078 1398 1141 1485 ἔχει
1162 1404 1291 1483 γλῶτταν
1315 1404 1441 1486 μεγάλην
1464 1404 1511 1465 καὶ

258 1506 397 1587 παχεῖαν,
419 1501 564 1585 πνεύμονα
587 1501 755 1584 δκτάλοβον,
779 1500 857 1585 ῆπαρ
880 1501 1027 1587 ἑξαλοβον,
1055 1504 1162 1566 κοιλίαν
1185 1506 1269 1573 κυνός
1291 1506 1404 1587 όμοίαν,
1427 1506 1462 1568 τόι
1486 1502 1510 1567 δ’

257 1604 333 1667 ἄλλα
360 1603 447 1689 ὅμοια
472 1604 542 1668 κυνί.
643 1603 735 1686 (211)
766 1603 899 1689 ὀχεύεται
927 1604 959 1666 δὲ
987 1606 1034 1667 καὶ
1061 1604 1160 1690 ὀχεύει
1186 1608 1202 1669 ό
1227 1606 1313 1677 λύκος
1335 1606 1421 1691 (κατὰ
1445 1607 1510 1687 μίαν

258 1708 365 1791 ώραν),
390 1706 426 1769 τδι
448 1704 474 1768 δ’
495 1704 568 1769 ἄλλα
590 1708 713 1789 πράσσει
734 1706 799 1789 περὶ
826 1707 878 1789 τῆν
904 1703 1009 1775 ἔκτεξιν
1036 1706 1123 1790 όμοια
1149 1709 1219 1771 κυνί.
1319 1710 1412 1793 (212)
1440 1709 1510 1772 ἴδιον

257 1810 291 1873 δὲ
313 1807 377 1895 ἔχει
399 1813 499 1871 τοῦτο·
532 1810 579 1872 καὶ
602 1807 803 1893 καρχαρόδους
823 1808 877 1893 γὰρ
902 1808 1058 1893 ὑπάρχων,
1080 1808 1140 1874 ἔστι
1163 1813 1211 1875 καὶ
1235 1814 1426 1897 σαρκοφάγος.

214 1929 244 1973 15
255 1912 349 1997 (213)
378 1912 536 1974 ἐπιτίθεται
566 1912 599 1974 δὲ
629 1914 738 1994 μᾶλλον
770 1911 821 1994 μὲν
852 1909 926 1995 όνιμ,
955 1911 1018 1974 εἶτα
1045 1913 1107 1997 βοΐ,
1135 1915 1183 1977 καὶ
1210 1913 1282 1976 κατὰ
1309 1915 1403 1999 φλέβα
1433 1914 1509 1977 λύων

256 2018 422 2098 αἱμοποτεῖ.
521 2014 614 2097 (214)
643 2013 754 2095 λέγεται
781 2012 814 2075 δὲ
841 2010 907 2081 τούς
933 2014 1109 2095 μονολύκουτ
1131 2018 1178 2079 καὶ
1201 2017 1367 2100 ἀνθρώποις
1389 2018 1509 2080 ἐπιτιθε·

262 2117 369 2202 μένους
391 2122 593 2201 σαρκοφαγεῖν.

343 2220 437 2303 (215)
464 2216 584 2303 Ἱστορεῖ
603 2221 636 2282 δὲ
657 2219 721 2303 περὶ
746 2217 796 2301 τὴν
813 2215 944 2280 Μαιῶτιν
966 2219 1069 2303 λίμνην
1093 2220 1158 2290 τοὺς
1174 2220 1280 2290 λύκους
1303 2221 1349 2284 ἐπὶ
1372 2227 1509 2287 τοσοῦτον

257 2324 394 2407 συνήθεις
416 2322 488 2385 εἶναι
510 2326 568 2390 τοῖς
591 2322 642 2405 τῆν
665 2320 754 2405 ἄγραν
776 2325 833 2383 τῶν
858 2320 969 2405 ἰχθύων
993 2322 1190 2405 ποιουμένοις,
1213 2325 1290 2386 ὥστε
1312 2325 1360 2387 καὶ
1383 2345 1509 2388 συναναι·

211 2442 243 2487 ‘20
255 2426 372 2510 ρεῖσθαι
400 2431 460 2495 τοῖς
488 2425 681 2510 ίχθυοθῆραις
710 2429 768 2486 τών
795 2422 964 2508 ληφθέντων
991 2424 1058 2494 τούς
1083 2426 1205 2508 ἡμίσεις.
1255 2426 1282 2488 εἰ
1309 2427 1342 2490 δέ
1368 2450 1439 2490 ποτε
1466 2429 1506 2511 μῆ

255 2532 330 2593 δῶσι
352 2530 503 2595 δοκοῦντες
525 2527 678 2610 λήσεσθαι,
701 2524 736 2587 τὰ
758 2526 859 2588 δίκτυα
881 2526 976 2588 αὐτῶν
999 2526 1150 2612 ψυχόμενα
1174 2529 1389 2613 κατασχίζουσι.

341 2631 436 2715 (216)
468 2627 516 2713 Zp
538 2629 571 2691 δὲ
594 2629 609 2691 ό
632 2628 718 2696 λύκος
741 2627 796 2691 όσα
819 2651 871 2711 περ
894 2630 942 2691 καὶ
965 2630 981 2691 ό
1004 2629 1081 2692 κύων
1104 2629 1166 2713 ἔτη.

198 2856 216 2907 ’ί
241 2852 426 2926 καρχαρόδους]
444 2854 524 2907 Arist.
538 2852 598 2904 hist.
611 2852 691 2903 anim.
704 2847 751 2903 85
770 2867 795 2918 p.
809 2849 915 2902 594³25
939 2857 991 2904 τῶν
1012 2850 1038 2904 δλ
1059 2852 1219 2921 τετραπόδων
1242 2854 1285 2905 καὶ
1308 2853 1442 2923 ζιρυτύκων
1463 2854 1495 2905 τὰ
1516 2855 1561 2920 μὲν

197 2943 275 3013 ἄγρια
296 2944 339 2994 καὶ
360 2938 548 3011 καρχαρόδοντα
570 2941 650 2991 πάντα
670 2939 828 3007 σαρκοφάγα·
854 2937 918 3008 πλῆν
940 2940 997 2997 τούς
1018 2938 1109 2998 λύκους
1131 2942 1217 3009 φασίν,
1241 2939 1300 2993 ὅταν
1322 2948 1449 3005 πεινῶσιν,
1472 2941 1560 2993 ἐσθίειν

196 3032 255 3083 τινά
273 3034 321 3100 γῆν
421 3034 473 3080 τῶν
491 3025 659 3096 πολυσχιδῶν]
679 3027 758 3078 Arist.
771 3040 858 3092 gener.
871 3026 950 3077 anim.
963 3023 1015 3080 Βδ
1034 3042 1059 3093 p.
1072 3026 1162 3079 7422ss
1184 3026 1229 3079 ὅσα
1248 3027 1385 3098 πολυσχιδῆ
1404 3036 1457 3080 τῶν
1474 3047 1561 3098 τετρα-

196 3118 300 3182 πόδων,
321 3116 373 3169 οίον
395 3114 465 3168 κύων
487 3114 553 3167 λέων
570 3113 646 3173 λύκος
668 3111 774 3182 ἀλώπηξ
795 3109 856 3171 θώς.
887 3113 919 3165 cf.
934 3110 983 3167 14
1001 3131 1027 3182 p.
1041 3114 1145 3166 771221
1168 3113 1238 3166 κύων
1260 3114 1286 3166 δὲ
1307 3115 1351 3167 καί
1371 3115 1447 3175 λύκος
1468 3118 1560 3169 καὶτὰ

196 3204 340 3275 πολυσχιδῆ
359 3205 438 3257 πάντα
545 3202 561 3253 8
585 3199 688 3271 βαδίζει]
708 3201 788 3252 Arist.
802 3200 862 3251 hist.
875 3201 954 3252 anim.
968 3198 1019 3253 A5
1038 3218 1063 3269 p.
1075 3201 1167 3254 ‹1901›ss
1190 3204 1271 3254 πάντα
1291 3202 1317 3255 δὲ
1335 3211 1439 3256 κινεῖται
1457 3203 1560 3272 δμοίως,

196 3294 232 3347 τὰ
243 3291 384 3363 τετράποδα
402 3291 445 3343 καὶ
457 3288 597 3342 πολύποδα·
619 3289 685 3340 κατὰ
703 3286 832 3356 διάμετρον
845 3289 891 3356 γὰρ
904 3294 1006 3340 κινεῖται
1111 3289 1162 3359 ἔχει
1179 3288 1217 3358 δὲ]
1238 3292 1318 3343 Arist.
1329 3295 1394 3359 part.
1405 3289 1514 3343 animi
1528 3292 1560 3343 10

196 3378 348 3449 p.686·‘20
370 3385 421 3436 toi<
443 3379 488 3445 μὲν
510 3376 553 3430 σύν
575 3375 658 3434 ἄλλοις
682 3375 732 3428 ίστὶ
753 3375 867 3442 καμπτός
889 3376 932 3428 καὶ
954 3374 1102 3445 σφονδύλους
1124 3377 1204 3446 ἔχων,
1227 3378 1249 3430 υ1
1267 3377 1293 3430 δὲ
1311 3376 1383 3430 λύκοι
1401 3380 1444 3431 καὶ
1462 3377 1559 3436 λέοντες

195 3468 338 3537 μονόστυυν
353 3466 397 3519 τδν
414 3465 508 3535 αύχίνα
525 3464 631 3534 ἔχουσιν.
656 3463 688 3516 ef.
703 3463 815 3515 Timoth.
828 3462 907 3529 ρ.9,θ
921 3463 1017 3531 Haupt.
1107 3462 1122 3515 9
1141 3464 1243 3531 αἰδοῖον]
1261 3466 1341 3517 Arist.
1351 3466 1412 3518 hist.
1422 3467 1501 3518 anim.
1511 3463 1556 3518 131

197 3572 225 3624 p.
237 3553 350 3608 500b23
369 3554 400 3605 τό
418 3551 438 3606 δ’
452 3551 560 3623 ὀστώδη,
579 3550 663 3622 ὥσπερ
681 3549 812 3608 ἀλώπεκος
831 3551 874 3601 καὶ
892 3549 970 3601 λύκου
989 3550 1031 3602 καὶ
1051 3550 1141 3609 ίκτίδος
1159 3553 1202 3604 καὶ
1220 3551 1311 3622 γαλῆς·
1332 3553 1439 3623 καὶγὰρ
1459 3551 1474 3620 ἠ
1493 3550 1557 3621 γαλῆ

197 3642 291 3695 ὀστοῦν
309 3639 361 3711 ίχτι
377 3640 407 3692 τό
425 3639 517 3692 αίδυῖον
652 3639 683 3690 12
707 3636 801 3707 ὀχεύει]
821 3639 901 3690 Arist.
919 3637 936 3689 l.
949 3653 971 3689 c.
985 3635 1006 3688 Z
1019 3636 1053 3689 35
1072 3654 1098 3705 p.
1109 3638 1214 3691 580211
1240 3638 1315 3698 λύκος
1334 3639 1359 3692 δὲ
1378 3638 1432 3691 κύει
1451 3639 1496 3708 μὲν
1515 3640 1558 3691 καλ

196 3730 281 3782 τίκτει
299 3726 413 3797 καθάπερ
431 3726 501 3780 κύων
519 3730 557 3796 ‘cip
570 3726 653 3796 χρόνῳ
672 3726 715 3777 καὶ
733 3728 770 3794 τῷ
784 3723 874 3794 πλῆθει
892 3731 943 3776 τῶν
956 3727 1113 3793 γιγνομένων,
1130 3726 1173 3777 καὶ
1187 3726 1269 3796 τυφλὰ
1280 3727 1359 3778 τίκτει
1371 3725 1456 3795 ὥσπερ
1474 3724 1558 3777 κύων·

197 3815 284 3887 ὀχεύει
302 3814 329 3867 δύ
346 3816 391 3866 καὶ
409 3814 523 3884 ὀχεύεται
541 3816 606 3866 κατὰ
625 3814 682 3882 μίαν
702 3812 782 3885 ὥραν,
804 3814 847 3864 καὶ
866 3813 942 3864 τίκτει
961 3812 1100 3882 ἀρχομένου
1121 3810 1281 3884 τοῦθέρους.
1311 3814 1343 3866 cf·
1359 3810 1408 3865 13⁶2
1427 3830 1453 3881 ρ.
1466 3813 1557 3866 510⁸ss

196 3902 278 3961 λύκος
295 3900 315 3954 δ’
332 3900 414 3971 ὀχεύει
432 3902 474 3954 καί
493 3900 607 3971 ὀχεύεται
624 3900 668 3953 τόν
686 3901 760 3953 αύτόν
779 3900 871 3969 τρόπον
890 3897 962 3968 όνπερ
980 3900 1023 3951 καὶ
1042 3899 1110 3952 κύων
1235 3901 1265 3953 14
1288 3900 1456 3972 σαρκοφάγος]
1477 3901 1557 3952 Arist.

197 3992 216 4043 1.
229 4008 253 4045 ε.
268 3987 302 4043 11
323 4006 349 4058 p.
362 3988 450 4042 609221
477 3988 553 4047 λύκος
574 3987 593 4040 δ’
609 3988 659 4058 ὄνῳ
681 3990 724 4040 καί
743 3987 828 4056 ταύριρ
850 3989 894 4039 καὶ
914 3985 1028 4039 ἀλώπεκι
1051 3987 1180 4056 πολέμιος·
1205 3989 1340 4057 ὠμοφάγος
1362 3990 1408 4056 γάρ
1427 3987 1463 4040 ιδν
1481 3987 1557 4039 ἐπιτί-

198 4076 272 4131 θεται
288 4083 340 4135 τοίς
359 4077 429 4146 βουσὶ
447 4078 490 4129 καὶ
508 4082 559 4134 τοῖς
577 4074 641 4134 όνοις
660 4077 702 4127 καὶ
721 4079 753 4145 τῆ
771 4074 883 4126 ἀλώπεκι
999 4074 1028 4126 16
1051 4074 1158 4143 λέγεται]
1180 4075 1258 4127 Arist.
1277 4076 1293 4126 l.
1307 4091 1328 4127 c.
1343 4072 1390 4127 05
1410 4091 1435 4141 p.
1448 4073 1555 4126 59-1229

197 4162 426 4234 ἀνθρωποφαγούσι
444 4164 462 4216 δ’
478 4165 501 4217 υ1
520 4168 661 4235 μονοπεῖραι
679 4170 730 4214 τών
743 4161 828 4214 λύκων
847 4162 942 4229 μᾶλλον
961 4160 1068 4229 [αὐτῶν]
1087 4161 1103 4232 ῆ
1119 4164 1150 4214 τό
1169 4162 1301 4231 κυνηγέσια
1406 4160 1435 4213 18
1453 4160 1554 4229 ἱστορεῖ]

197 4252 282 4306 Arist.
298 4251 353 4303 l.e-.
367 4247 423 4303 136
442 4266 466 4318 p.
480 4250 572 4302 620b5
595 4252 638 4302 καὶ
660 4251 714 4319 περὶ
736 4251 782 4319 τὴν
802 4244 917 4301 λίαιιῖντιν
939 4249 965 4301 δὲ
988 4248 1075 4319 λίμνην
1097 4250 1154 4307 τούς
1175 4247 1265 4307 λύκους
1287 4250 1346 4318 φασὶ
1366 4246 1478 4317 συνήθεις
1496 4247 1556 4300 εἶναι

197 4346 250 4398 τοῖς
268 4339 424 4407 ποιουμένοις
439 4339 486 4407 τῆν
503 4338 584 4409 θήραν
602 4343 654 4389 τῶν
672 4336 780 4406 ίχθύων·
803 4335 861 4388 όταν
879 4336 905 4389 δὲ
924 4336 960 4406 μῆ
979 4335 1135 4404 μεταδιδῶσι,
1153 4334 1301 4406 διαφθείρειν
1318 4335 1402 4388 αύτών
1420 4336 1452 4387 τὰ
1468 4334 1556 4388 δίκτυα

196 4426 364 4496 ξηραινόμενα
382 4426 408 4478 ίν
423 4428 456 4495 τῆ
472 4432 513 4495 γῇ.
541 4425 573 4477 ei.
592 4425 648 4478 Αε1.
660 4429 715 4477 nat.
728 4425 807 4476 anim.
820 4425 852 4477 vl
865 4424 898 4476 65
917 4426 953 4491 (p.
966 4422 1141 4489 169,22-31
1158 4424 1269 4479 11υιε1ιλ
1298 4425 1387 4491 Aniig.
1401 4424 1502 4490 Caryst.
1512 4422 1555 4475 33.

196 4514 268 4567 Plin.
280 4515 342 4566 hist.
356 4517 410 4567 nat.
423 4514 449 4565 X
463 4512 494 4565 10
617 4511 650 4562 22
673 4510 716 4582 ζῆ]
736 4511 805 4563 unde
823 4511 904 4564 haec?

195 4709 212 4762 2
238 4709 367 4779 α’χαρίτων
385 4709 406 4761 1)
541 4708 675 4781 εὐεργεσίαν
695 4711 728 4761 1);
753 4709 880 4779 εύεργέτας
899 4710 958 4762 Bas.
1082 4710 1098 4762 3
1122 4708 1208 4762 πολλοὶ
1228 4710 1299 4762 ssas.:
1323 4708 1417 4780 πολλὴν
1436 4710 1458 4761 l)

195 4798 213 4851 5
231 4796 305 4866 δίκην
322 4798 358 4848 D:
376 4796 422 4865 τἠν
440 4795 511 4864 δίκην
529 4797 588 4848 Bas.
693 4796 776 4847 1213
795 4798 860 4848 κατὰ
878 4798 936 4864 μίαν
955 4796 1023 4865 ώραν
1041 4798 1159 4866 supplevi
1178 4815 1211 4850 ex
1229 4799 1308 4850 Arist.
1411 4796 1442 4848 13
1461 4794 1554 4856 ἔκττξιν

195 4886 305 4952 scripsi:
330 4882 429 4945 ἔκταξιν
448 4884 469 4936 l)
576 4882 611 4935 20
633 4884 654 4936 εί
672 4885 710 4936 sie
729 4886 760 4935 D.
787 4884 820 4936 ef.
839 4885 899 4951 §91
919 4902 945 4953 p.
958 4884 1024 4951 58,3
1046 4890 1071 4937 et
1090 4886 1104 4953 ς’
1121 4884 1170 4936 198
1188 4901 1213 4953 p.
1226 4884 1307 4951 81,11
