3510 5610
638 332 848 389 sonurronns
866 334 914 388 ΑΙ)
933 332 1116 390 cnossouu
1515 329 1556 394 53

253 507 370 572 calidus
392 529 432 572 an
454 508 582 591 frigidus
604 514 651 573 est
672 529 808 573 somnus,
853 509 1075 573 hebetantem
1099 505 1271 590 capitulum
1297 504 1353 568 sic:
1392 509 1423 567 et
1448 502 1506 566 hoc
1525 515 1576 576 sto

254 631 388 694 quoquc,
411 611 486 694 quid
509 619 554 676 est
576 632 701 675 somnus
724 619 755 675 ct
778 611 878 693 qualis
898 609 1046 675 naturae?
1068 609 1189 693 etquid
1204 607 1346 685 dormire,
1369 605 1505 688 quidque
1583 592 1585 597 ⁵

253 712 403 796 uigilare?
426 714 573 797 quoniam
596 714 690 792 enim,
713 735 783 777 cum
805 713 946 777 homines
967 713 1134 793 dormiunt,
1156 713 1189 775 in
1211 711 1278 795 ipsa
1299 707 1505 792 soporatiouis

252 815 328 879 hora
350 815 475 880 uidetur
492 816 524 879 in
540 816 593 880 illo
609 836 734 900 corporo
751 816 855 879 anima
871 837 924 900 per
939 816 1089 898 quasdam
1105 815 1230 898 quidem
1245 819 1348 897 partes
1363 811 1504 890 actualis,

223 926 284 983 set
306 940 362 1003 per
384 919 534 1002 quasdam
557 919 650 983 silens
673 926 704 982 et
727 918 910 998 inactualis;
934 924 966 982 et
986 917 1211 982 inactualitatis
1234 914 1359 999 quidem
1380 921 1425 977 est
1441 935 1502 978 non
1517 931 1545 972 ro

252 1022 366 1086 sentire
393 1021 468 1104 quid
495 1041 594 1104 neque
621 1021 700 1085 scire
721 1021 787 1084 siue
811 1021 925 1105 pedum
953 1026 985 1085 et
1011 1042 1163 1084 manuum
1188 1019 1325 1083 actiones
1353 1017 1504 1101 racipere;

252 1122 381 1188 actionis
404 1143 477 1186 uero
500 1132 602 1207 partes
624 1132 698 1188 sunt
719 1123 882 1207 inspiratio
906 1130 938 1187 ct
959 1123 1121 1208 respiratio
1143 1128 1174 1186 et
1190 1122 1323 1186 uisioucs
1340 1126 1370 1183 et
1384 1120 1505 1185 somnia

252 1236 283 1291 et
304 1216 525 1311 phantasmata
547 1227 651 1291 uidere
675 1236 706 1291 et
729 1227 864 1308 digerere
880 1232 912 1290 et
927 1247 1036 1310 corpus
1052 1226 1193 1310 quietum
1208 1226 1321 1288 facere:
1345 1223 1378 1286 in
1395 1221 1504 1285 cadam

251 1330 378 1414 quidem
398 1329 474 1393 hora
495 1329 539 1393 sie
561 1336 690 1414 apparet
713 1329 801 1413 quasi
824 1328 978 1411 duplicem
1000 1328 1112 1392 habere
1135 1328 1283 1406 animam,
1306 1346 1341 1390 eo
1361 1323 1443 1408 quod
1458 1346 1504 1389 se-

211 1433 387 1497 iocundum
409 1431 560 1515 quaedam
585 1431 711 1514 quidem
733 1438 854 1495 mortuo
877 1431 1015 1515 proxime
1036 1431 1089 1509 sit,
1117 1431 1288 1496 secundum
1315 1449 1387 1493 uoro
1411 1448 1502 1511 quae-

251 1536 323 1599 dam
349 1534 480 1598 uiuenti.
526 1543 557 1599 et
584 1532 752 1617 quomodo,
785 1534 811 1597 si
837 1534 878 1598 sit
904 1533 976 1613 hoc,
1009 1534 1153 1617 possibile
1187 1532 1348 1597 dimidiam
1377 1530 1545 1614 quidemao

251 1645 371 1723 partem
394 1637 516 1701 animae
538 1637 645 1700 uiuere
668 1642 700 1700 et
722 1636 851 1719 uigilare
874 1642 905 1700 ot
927 1656 1031 1718 agere,
1061 1637 1222 1701 dimidiam
1244 1654 1318 1700 uero
1341 1634 1504 1698 mortalem

250 1750 281 1805 et
303 1741 437 1825 sopitam
460 1748 491 1803 et
514 1739 724 1804 inactualem?
747 1739 772 1802 si
795 1746 901 1803 antem
924 1739 1048 1802 animae
1069 1740 1232 1803 hominum
1250 1739 1284 1803 in
1299 1758 1425 1821 corpora
1440 1758 1502 1801 non
1610 1815 1615 1823 ι

252 1843 407 1926 simplices
429 1843 483 1905 sed
504 1842 653 1926 duplices,
676 1841 829 1925 quomodo
851 1841 997 1925 possibile
1020 1841 1096 1906 duas
1118 1841 1284 1911 animasin
1300 1861 1362 1905 uno
1378 1861 1502 1924 corpore

211 1962 238 2007 rs
252 1946 336 2012 esse?
358 1945 385 2009 si
408 1946 491 2010 enim
513 1953 644 2031 possunt
666 1945 744 2008 duae
767 1943 889 2009 animae
911 1945 944 2008 in
970 1966 1033 2009 uno
1060 1966 1185 2029 corporo
1213 1967 1293 2025 esse,
1322 1951 1389 2007 tam
1415 1963 1502 2026 prae-

250 2051 368 2115 clarum
391 2050 464 2132 quia
491 2070 554 2112 una
581 2049 621 2112 ab
648 2048 747 2112 altera
769 2054 926 2131 segregata
960 2054 1006 2112 est
1039 2055 1071 2112 et
1096 2048 1218 2112 actione
1245 2047 1404 2111 differunt:
1438 2067 1503 2110 una

251 2152 377 2237 quidem
399 2151 504 2215 anima
525 2151 580 2216 illa
602 2152 661 2216 crit
683 2152 784 2236 sopita
804 2159 836 2216 et
850 2151 921 2214 laxa
937 2157 968 2215 et
983 2150 1157 2229 inactualis,
1180 2151 1278 2214 altera
1292 2170 1365 2213 uero
1381 2170 1503 2233 semper

249 2255 381 2338 uigilans
404 2261 436 2318 et
458 2275 552 2338 agens
573 2255 728 2339 inspirans
750 2259 781 2318 et
803 2253 956 2338 respirans
983 2262 1015 2316 ct
1041 2253 1181 2336 digerens
1209 2259 1240 2316 ot
1266 2272 1375 2336 corpus
1402 2253 1543 2336 quies-so

254 2379 321 2421 cero
343 2358 472 2421 iaciens:
495 2359 522 2420 si
544 2378 617 2421 uero
641 2378 713 2436 non,
735 2357 929 2441 praeclarum
951 2355 1025 2439 quia
1046 2356 1145 2419 altera
1166 2356 1205 2418 ab
1228 2356 1327 2420 altera
1348 2354 1449 2419 differt
1471 2363 1503 2419 at

117 2519 121 2526 .
207 2469 361 2527 conatum
388 2466 420 2524 et
446 2468 528 2524 actu.
573 2467 605 2524 et
630 2461 656 2524 si
683 2460 804 2524 actuale
834 2458 959 2543 quidem
986 2458 1080 2522 unius
1106 2458 1228 2522 animae
1252 2459 1285 2521 in
1307 2478 1432 2541 corpore
1454 2457 1501 2521 in·

249 2563 473 2628 habitationem
500 2563 649 2644 ostendit,
684 2584 778 2646 quam
808 2562 936 2626 alterius
961 2561 1084 2626 animae
1113 2561 1278 2645 aliquando
1307 2559 1432 2645 quidem
1455 2559 1500 2623 in-

248 2667 384 2744 actualc,
411 2666 577 2749 aliquando
600 2687 673 2730 uero
696 2665 832 2742 actuale,
866 2664 1045 2728 deliberarit
1067 2664 1150 2748 quis,
1177 2671 1283 2727 utrum
1305 2664 1339 2726 in
1361 2670 1499 2746 tempora

250 2769 366 2833 actuali
392 2769 423 2832 in
456 2789 581 2853 corpore
615 2768 675 2832 erit
706 2790 745 2832 an
780 2773 880 2831 extra:
914 2767 1067 2850 siquidem
1100 2767 1182 2830 sicut
1213 2765 1343 2829 actionis
1377 2771 1500 2849 tompus

249 2871 384 2936 ostendit
409 2873 441 2935 in
470 2892 595 2955 corpore
618 2871 858 2947 habitationem,
885 2870 929 2933 sic
956 2876 1078 2953 tempus
1105 2868 1159 2932 otii
1187 2866 1385 2931 contrarium.
1429 2889 1499 2931 cnm

205 2990 234 3035 25
246 2977 294 3040 his
316 2975 412 3038 etiam
434 2974 491 3037 hoc
514 2973 758 3052 deliberandum,
781 2972 853 3056 quio
875 2992 1001 3036 somnus
1024 2971 1142 3035 calidus
1165 2977 1212 3035 est
1233 2978 1289 3034 aut
1303 2969 1439 3052 frigidm.
1471 2971 1497 3034 si
1511 2987 1540 3029 eo

248 3078 330 3142 enim
353 3075 480 3153 calidus,
504 3076 542 3139 ob
565 3097 659 3159 quam
682 3097 806 3139 causam
830 3075 915 3138 sitim
937 3074 1096 3157 restringit
1117 3082 1149 3137 et
1169 3072 1367 3137 umiditatem
1389 3071 1500 3155 auget?

248 3181 274 3244 si
295 3201 369 3244 uero
391 3179 533 3262 frigidus,
560 3198 655 3262 quaro
682 3178 766 3241 cibos
787 3178 821 3240 in
844 3177 995 3258 digestum
1023 3177 1108 3240 ducit
1131 3181 1162 3239 ct
1184 3195 1293 3258 corpus
1316 3174 1448 3239 calificat
1470 3182 1502 3240 ct

228 3283 373 3347 ‘sudores
398 3281 526 3365 recipit?
560 3287 592 3344 et
617 3281 643 3344 si
670 3301 796 3344 somnus
822 3279 948 3363 quidem
982 3279 1073 3341 unius
1100 3276 1261 3342 cuiusdam
1287 3286 1417 3342 naturae
1444 3285 1501 3356 est,

248 3407 344 3469 qnare
377 3384 437 3448 duo
465 3383 618 3466 quaedam
645 3388 756 3446 natura
784 3381 957 3446 differentia
983 3402 1001 3444 a
1023 3401 1056 3444 sc
1084 3380 1218 3444 inuicem
1245 3379 1338 3444 lacit?
1370 3381 1397 3444 si
1426 3401 1500 3444 uero

208 3504 235 3549 ao
250 3488 382 3573 duplicis
405 3492 535 3550 naturae
558 3490 619 3565 est,
653 3484 770 3549 calidae
794 3493 825 3548 et
847 3484 990 3567 frigidae,
1018 3481 1266 3561 deliberandum,
1294 3502 1374 3564 quac
1399 3490 1503 3566 partes
1522 3496 1569 3555 561

248 3581 415 3656 caliditatis
441 3597 473 3653 et
499 3609 579 3672 quae
605 3587 791 3670 frigiditatis.
837 3594 868 3650 et
893 3587 951 3650 hoc
978 3591 1082 3648 autem
1111 3590 1232 3668 oportet
1258 3583 1373 3664 dicere,
1406 3606 1501 3668 quare

247 3714 356 3759 somno
380 3714 417 3756 ex
440 3699 552 3756 natura
575 3712 685 3774 corpus
706 3689 846 3753 soluentc
866 3695 972 3751 actum
988 3687 1142 3770 quendam
1158 3686 1280 3750 ualidus
1295 3687 1378 3750 lacit.
1402 3688 1500 3751 ueluti
1513 3704 1542 3746 oo

248 3797 331 3861 enim
354 3794 472 3860 fortiori
494 3793 652 3857 stomacho
682 3793 762 3856 lacto
789 3791 873 3855 cibos
899 3789 1129 3854 habundantius
1152 3789 1272 3873 digerit.
1316 3789 1373 3852 hoc
1395 3797 1501 3854 autom

194 4141 210 4194 2
230 4137 353 4207 dormire]
373 4138 466 4190 dormi·
488 4136 524 4189 Gl
542 4139 567 4188 in
585 4156 637 4188 ras.
744 4137 761 4189 3
783 4137 899 4205 uigalara
920 4135 942 4187 G
963 4136 996 4202 (et
1014 4136 1049 4187 sie
1064 4134 1170 4204 passim)
1277 4134 1293 4185 4
1317 4134 1454 4204 quasdam]
1474 4152 1551 4204 quae-

195 4228 255 4281 dam
279 4227 315 4279 6¹
398 4225 449 4278 4.5
469 4225 735 4293 quidem—quasdam
754 4226 778 4275 in
797 4244 875 4292 scarp.
897 4224 920 4276 G
1009 4223 1025 4277 b
1048 4222 1186 4291 quasdam]
1205 4222 1331 4290 quaedam
1353 4221 1387 4272 G¹
1470 4222 1487 4274 8
1508 4224 1553 4277 de·

196 4330 283 4383 gerare
304 4312 414 4365 Gelan:
434 4313 559 4381 degenere
581 4312 615 4363 G¹
723 4313 752 4365 ll
783 4312 916 4365 dimidiam
938 4310 985 4362 0¹:
1005 4306 1143 4363 dimedia'm
1166 4309 1202 4360 θ’
1309 4308 1340 4360 12
1368 4309 1506 4362 (limodiam
1529 4310 1552 4362 G

195 4403 243 4470 (cic
263 4399 408 4466 Gpussr‘m)
517 4400 548 4453 15
575 4400 624 4451 dua
646 4398 669 4452 G
779 4396 845 4466 tam]
869 4402 921 4450 tam
940 4413 957 4448 s
975 4413 992 4448 s
1013 4397 1049 4448 G:
1072 4400 1160 4449 tamen
1183 4396 1299 4447 Duebaer
1323 4393 1553 4467 [praeoccupemur

189 4490 272 4556 saissa
290 4484 384 4556 οὕτως]
512 4486 544 4538 18
572 4488 697 4556 degerens
718 4486 802 4540 GHM
819 4488 868 4555 (ate
889 4485 1030 4553 Gpassim)
1151 4485 1182 4536 19
1210 4485 1232 4535 si
1251 4498 1312 4536 uero
1330 4498 1384 4535 uon
1405 4483 1441 4534 θ’
1458 4484 1482 4534 ia
1501 4503 1552 4539 ras.

196 4576 223 4643 (5
234 4576 293 4639 sera
312 4575 358 4626 aa
376 4573 444 4640 arna)
567 4573 602 4626 20
628 4579 654 4627 et
673 4576 695 4627 si
713 4576 816 4628 actuale
834 4573 890 4643 eta]
913 4575 1078 4643 praesefert.
1107 4571 1151 4623 καὶ
1169 4571 1190 4623 εἰ
1211 4569 1240 4623 τὸ
1264 4571 1309 4638 μὲν
1331 4569 1487 4640 ἐνεργητικὸν
1504 4571 1552 4641 τὴν

194 4667 240 4741 τῇς
258 4667 316 4732 μιᾶς
334 4661 419 4731 ψυχῆς
437 4660 463 4713 ἐν
486 4665 525 4730 τῷ
543 4661 642 4729 σώματι
665 4661 789 4732 ἐνοίκησιν
807 4661 892 4733 δηλοῖ,
915 4661 950 4720 ὡς
967 4661 1014 4731 τὴν
1036 4664 1082 4729 τῆς
1100 4659 1184 4726 ἑτέρας
1203 4658 1287 4728 ψυχῆς
1309 4656 1339 4709 τὸ
1357 4657 1417 4709 ποτὲ
1436 4658 1481 4726 μὲν
1500 4658 1554 4710 ἀνε-

195 4752 313 4821 νέργητον
335 4749 396 4801 ποτὲ
421 4747 444 4800 δ’
468 4749 639 4819 ἐνεργητικόν,
662 4749 808 4821 ἀπορήσειεν
831 4750 861 4802 ἄν
884 4741 997 4808 uffart.
1138 4746 1169 4798 21
1199 4761 1275 4813 quam
1297 4744 1333 4795 Οἳ
1351 4746 1377 4795 ia
1395 4763 1447 4796 ras.

195 4838 229 4890 22
252 4843 344 4893 ‚utrum
367 4836 403 4890 G²
420 4838 445 4888 r'a
464 4856 515 4888 ras.
534 4837 673 4902 angustiora
796 4835 829 4889 23
857 4837 907 4889 erit
924 4853 958 4889 an
978 4833 1063 4902 extra]
1083 4837 1106 4886 -l
1124 4849 1158 4886 an
1176 4842 1250 4886 extra
1270 4831 1305 4883 0π
1323 4832 1347 4881 ia
1366 4849 1416 4883 rua.
1435 4831 1481 4900 (12
1494 4835 1553 4900 sere

196 4925 241 4978 toa
259 4925 338 4992 arus.)
445 4924 477 4977 27
497 4925 630 4995 degustem
653 4923 712 4975 GM
814 4923 847 4978 32
865 4923 940 4998 facit]
958 4925 992 4978 -it
1013 4920 1049 4976 θ’
1066 4921 1091 4972 ia
1109 4938 1161 4972 ras.
1181 4919 1207 4989 (5
1227 4919 1271 4971 tic.
1290 4918 1367 4989 aras.)
