3510 5610
262 287 291 327 Vl
559 319 561 322 ι
842 279 1036 334 PRAEFATIO

260 449 380 534 nequit,
415 451 604 533 praesertim
627 472 699 517 oum
721 452 948 535 quaterniones
970 473 1030 518 neo
1052 453 1291 520 dinumerentur
1313 476 1373 521 neo
1396 456 1464 539 pari
1487 476 1613 538 semper

260 567 408 633 loliorum
431 569 514 634 serie
537 576 692 636 oonstent.
738 571 902 654 quaeritur
925 578 1042 653 tamen,
1064 591 1148 637 anne
1165 572 1298 637 Parisini
1322 594 1414 656 quern
1438 572 1505 637 dixi
1528 573 1613 637 Atbo

262 687 449 769 provenisse
474 688 553 753 lolia
585 688 731 772 primitus
761 690 803 754 ad
834 688 973 753 Alboum
1000 696 1142 753 nostrum
1169 691 1390 773 pertinuerint.
1439 690 1524 773 quod
1552 691 1611 755 etsi

262 812 294 870 et
327 806 503 889 scripturae
541 814 573 873 et
610 807 820 873 ordinationis
832 807 857 890 ¹)
897 827 1021 873 summa
1056 816 1193 891 apparet
1230 808 1402 874 similitudo
1440 816 1613 892 propterea

260 923 472 1007 improbabile
492 934 551 1010 ost,
574 927 649 1010 quia
671 946 776 1009 noque
795 925 852 990 illa
872 926 1009 990 Parisini
1031 925 1109 989 solia
1130 926 1270 991 sedeoim
1293 926 1460 993 Sehoeneo
1483 931 1614 991 auctore

260 1043 391 1110 aliunde
406 1045 529 1128 avurlsa,
545 1065 649 1128 neque
665 1044 789 1109 Atheus
807 1044 891 1109 intra
905 1044 960 1109 lol.
977 1045 1052 1110 334τ
1069 1054 1101 1109 et
1117 1046 1190 1111 335¹
1209 1047 1305 1110 ullam
1328 1045 1443 1111 senisse
1458 1044 1613 1110 iaeturam

259 1162 395 1228 ridetur.
440 1165 613 1230 tenendum
641 1184 716 1230 voro
748 1172 811 1245 est,
845 1163 1025 1229 Parisinum
1053 1164 1215 1229 novissimi
1252 1164 1453 1249 bibliopegae
1478 1163 1613 1228 artifieio

259 1283 305 1347 ita
334 1303 406 1349 esse
439 1286 706 1366 conglutinatum,
745 1289 779 1347 ut
812 1283 918 1366 prisea
952 1282 1085 1364 originis
1117 1283 1267 1367 vestigia,
1300 1284 1326 1347 si
1360 1304 1443 1365 quae
1476 1290 1614 1367 exstant,

260 1423 345 1469 nuno
367 1424 431 1468 non
454 1404 518 1467 iam
540 1402 664 1486 possint
686 1408 807 1485 patere.

345 1522 465 1587 Prioris
488 1521 560 1586 libri
583 1522 731 1604 exiguum
748 1540 827 1586 sane
849 1518 1062 1603 fragmentum
1086 1529 1248 1586 servatum
1264 1531 1313 1586 est
1335 1522 1432 1587 etiam
1454 1521 1487 1586 in
1503 1519 1613 1587 eodioe

260 1639 1614 1724 ParisinoGraeoo1921‚bombyoin0saeoulinV,quodoumiustobreviusnotasset

260 1760 295 1824 V.
312 1760 435 1825 Roseus
458 1758 592 1843 [Aneod.
615 1779 720 1841 graee.
732 1759 763 1824 11
786 1759 840 1845 4*]
863 1759 939 1841 quid
956 1760 1102 1825 utilitatis
1117 1759 1252 1825 baberet
1268 1760 1322 1823 vix
1339 1758 1498 1841 cognitum
1515 1767 1610 1841 esset,

258 1878 318 1942 nisi
341 1878 381 1943 H.
399 1878 561 1943 Usenerus
583 1878 659 1943 dum
682 1898 784 1961 nuper
799 1877 973 1942 Alexandri
996 1878 1256 1962 Aphrodisiensis
1279 1897 1377 1943 eausa
1399 1896 1472 1942 eum
1495 1879 1608 1944 librum

262 1998 407 2062 Bonnam
422 1997 641 2063 transmissum
665 1998 845 2063 aeonratius
861 1998 990 2082 excutit,
1013 1999 1156 2078 eelogam
1180 1997 1267 2060 illam
1291 1997 1449 2079 integram
1471 1997 1609 2080 descrip-

259 2124 324 2181 tam
347 2136 368 2180 a
390 2138 425 2182 se
441 2116 616 2183 liberaliter
638 2116 731 2181 nobis
754 2115 992 2182 transmisisset.
1037 2138 1108 2182 eum
1130 2118 1195 2181 alia
1211 2122 1355 2181 eorroota
1376 2133 1398 2178 a
1412 2114 1489 2180 viris
1511 2115 1614 2180 doetis

258 2235 445 2301 confirmare
467 2234 533 2299 alia
562 2235 702 2299 nondum
729 2241 841 2299 notata
863 2234 1064 2300 emendatius
1093 2236 1244 2301 exhibere
1266 2240 1437 2316 appareat,
1468 2236 1613 2316 eologam

258 2360 292 2419 ut
320 2359 369 2418 est
394 2352 436 2418 ab
463 2353 608 2419 Usenero
643 2353 804 2437 descripta
832 2353 884 2418 bio
911 2354 1024 2420 saltem
1058 2354 1176 2438 apponi
1203 2353 1353 2418 iussimus
1379 2353 1538 2418 distinetis
1566 2352 1613 2417 eis

258 2472 348 2557 loeis,
372 2472 425 2537 ubi
448 2471 567 2538 oodieis
589 2473 615 2536 P
638 2473 793 2538 memoria
814 2473 888 2538 huie
910 2471 1089 2555 fragmento
1105 2473 1221 2539 eedere
1244 2473 1421 2538 videbatur.
1460 2478 1613 2554 excerpta

258 2598 369 2657 extant
384 2591 417 2655 in
434 2591 552 2656 oodieis
567 2590 589 2656 l.
601 2594 655 2657 66·
667 2599 699 2657 et
716 2592 876 2675 pertinent
892 2592 933 2658 ab
950 2593 1043 2658 buius
1059 2592 1108 2658 ed.
1121 2592 1140 2676 ξ
1154 2594 1253 2657 1-21
1272 2590 1499 2676 (affl-413).
1530 2591 1611 2654 tituli

258 2717 291 2776 et
317 2710 444 2776 litterae
467 2710 490 2773 Σ
512 2709 651 2775 initiales
674 2709 726 2792 §1
751 2719 783 2775 et
806 2713 826 2775 2
856 2721 888 2776 et
911 2713 998 2795 prior
1020 2716 1037 2775 λ
1059 2712 1147 2776 vocis
1173 2712 1398 2779 dubliniensem
1420 2708 1493 2793 (§6
1516 2731 1545 2774 ν.
1560 2710 1613 2793 14)

255 2829 351 2895 rubro
376 2836 520 2895 exarata.
565 2827 795 2894 versieulorum
818 2830 970 2897 terminos
994 2831 1089 2895 basta
1111 2829 1322 2893 distinximus.

481 3075 589 3143 ηπῶς
611 3070 799 3154 ὀνομάζονται
822 3074 857 3135 τυί
878 3095 920 3142 τε,
935 3077 1059 3158 χερσαῖα
1084 3073 1132 3135 καὶ
1155 3068 1260 3154 ἔνυδρα
1283 3074 1379 3142 ditat»

355 3190 401 3276 (l)
454 3190 597 3274 Σελσίχια·
640 3192 779 3271 μαλάκια·
823 3192 1062 3276 μαλακόστρακα·
1101 3189 1332 3273 ὀστρακόδερμα·
1377 3186 1610 3273 καρχαρόδοντα·

255 3312 509 3396 χαυλιόδοντα·
544 3308 724 3393 ἀμφόδυντα·
759 3311 806 3373 καί
837 3310 1004 3375 συνόδοντα·
1030 3309 1033 3394 l
1058 3308 1178 3392 ἔντομα·
1213 3309 1354 3393 ἀμφίβια·
1390 3307 1535 3370 λεττιδωτδι
1563 3308 1611 3371 καὶ

256 3429 425 3514 φωλιδωτδι·
456 3432 625 3513 μονώνυχα·
657 3430 777 3514 διχηλὰ·
805 3433 1021 3515 πολυσχιδῆ·
1049 3427 1258 3510 στεγανόττοδα·
1287 3428 1521 3512 δερμύπτερα·
1548 3450 1611 3490 κου-

224 3568 238 3617 5
258 3548 414 3633 λεύτττερα·
442 3548 445 3631 Ι
470 3548 599 3611 πτϊλωτά
621 3549 669 3610 καὶ
691 3551 838 3631 πτερωτοί·
860 3553 1058 3634 γαμψώνυχα·
1088 3548 1136 3610 καὶ
1158 3546 1295 3631 λόφουρα.

790 3669 927 3752 ἑρμηνεία
948 3669 1070 3732 τούτων;

341 3785 387 3871 (2)
424 3786 585 3870 Σελάχια
608 3787 659 3867 μὲν
682 3783 731 3849 ούν
755 3787 838 3850 εἰσιν·
873 3787 929 3851 όσα
950 3788 1067 3856 λεπίδας
1093 3785 1145 3848 οὐκ
1167 3784 1231 3870 ἔχει
1253 3788 1310 3846 τών
1334 3784 1486 3869 ἰχθύων·
1516 3784 1520 3867 Ι
1548 3785 1608 3848 οἷον

256 3905 410 3990 σμύραινα·
439 3904 573 3991 γόγγρος·
602 3905 706 3989 νάρκη·
740 3909 865 3989 τρυγών·
901 3906 969 3989 βοῦς
995 3905 1126 3986 γαλαιός·
1161 3906 1208 3967 καὶ
1234 3902 1270 3966 τὰ
1297 3904 1413 3984 μείζονα
1441 3905 1474 3967 δὲ
1500 3905 1608 3969 τούτων

256 4025 305 4105 καὶ
328 4027 446 4108 κητώδη
469 4023 625 4108 λεγόμενα·
650 4025 781 4109 καθάπερ
805 4026 919 4110 δελφίν·
942 4026 1083 4108 φάλαινα·
1107 4028 1208 4109 φώκη·
1228 4022 1231 4107 l
1255 4023 1365 4092 τούτοις
1388 4025 1419 4087 δὲ
1440 4024 1609 4110 συμβέβηκε

209 4163 239 4210 10
258 4144 353 4227 μόνοις
376 4150 434 4207 τῶν
455 4144 579 4228 ἐνύδρων
603 4146 765 4214 ζωυτυκεῖν.

341 4261 388 4347 (3)
426 4263 552 4345 μαλάκια
580 4262 611 4325 δέ
637 4263 707 4326 εἰσιν
735 4261 790 4326 ὅσα
817 4270 874 4327 τῶν
901 4264 1025 4348 ἐνύδρων
1060 4261 1148 4326 ὀστέα
1174 4262 1226 4327 ούκ
1249 4261 1326 4349 ἔχει·
1364 4264 1497 4347 καθάπερ
1523 4264 1608 4328 πολύ-

256 4406 341 4452 πους·
368 4382 371 4466 ί
397 4382 499 4467 σηπία·
524 4381 635 4450 τευθίς·
659 4384 743 4446 τώθα
767 4382 823 4467 [an
844 4384 941 4452 τώβυς
963 4403 1027 4448 non
1051 4382 1159 4466 liquet,
1182 4384 1285 4452 τεῦθος
1307 4383 1361 4467 Ρ]·
1386 4383 1535 4467 ἀκαλύφη·
1558 4385 1607 4447 καὶ

255 4500 322 4565 εἴτι
338 4500 410 4564 ἄλλο
424 4506 567 4566 τοιοῦτον·
591 4507 681 4565 ταῦτα
704 4503 800 4565 δὲκαὶ
816 4501 923 4586 ἄναιμα
945 4504 993 4566 καὶ
1015 4501 1181 4586 α’ίσττλαγχ
1187 4525 1226 4564 να
1248 4502 1429 4586 συμβέβηκεν
1453 4503 1605 4588 ύπάρχεινε

258 4641 548 4648 ..—--—--...——
555 4642 561 4648 .
568 4642 653 4647 ..—

326 4708 345 4767 ¹l
364 4708 478 4775 Pagiuae
497 4708 594 4760 codicis
612 4708 633 4759 D
656 4707 776 4777 singulae
794 4708 896 4762 circiter
914 4708 947 4760 28
960 4722 1048 4761 sersus
1071 4708 1214 4771 continent,
1234 4706 1300 4760 Pte
1319 4706 1460 4760 seeundum
1481 4709 1605 4773 Roseum,

254 4810 408 4863 qrnamquam
423 4796 450 4846 iu
462 4810 488 4862 ρ.
501 4797 549 4845 ltlr
562 4796 629 4846 lucis
642 4809 691 4863 ope
704 4795 834 4864 descripta
846 4795 880 4848 29
892 4811 940 4864 ego
953 4795 1095 4863 conspicio.
1121 4794 1215 4848 deiude
1228 4795 1328 4847 litterae
1341 4795 1456 4847 initiales
1470 4797 1563 4848 rubrae
1576 4798 1603 4848 iu

253 4886 362 4949 utroque
375 4882 514 4949 saulemque
524 4882 696 4934 clausularum
709 4889 860 4935 ornamenta
881 4900 931 4933 ·:—.
950 4884 978 4935 iu
990 4883 1104 4949 lanugine
1115 4883 1136 4934 l)
1150 4890 1213 4935 nota
1223 4878 1257 4935 C'l
1268 4883 1306 4934 vel
1319 4876 1375 4951 t'rss‘
1387 4884 1491 4951 ensurius
1502 4883 1605 4952 legitur.
