3510 5610
393 330 646 388 ARISTOPHANIS
665 328 849 389 HISTORIAE
869 328 1062 387 ANIMALIUM
1081 330 1229 387 ΕΡΙΤΟΜΕ
1247 334 1271 386 ΙΙ
1288 331 1332 386 49.
1344 331 1378 386 50
1503 329 1542 398 47

242 507 418 594 ἀμφοτέροις
439 511 569 571 κατοικεῖ
587 512 647 576 τοῖς
662 506 788 592 χείλεσιν
812 504 901 591 ὄχλος
915 506 949 570 οὐ
964 508 1055 576 πολύς
1077 506 1139 590 μέν,
1158 509 1204 591 τιγῦ
1222 508 1254 570 δὲ
1277 507 1331 593 βίιρ
1353 510 1490 575 τοιοῦτος.

244 611 278 673 ἐκ
299 615 351 674 τοῦ
373 611 553 696 παρήκοντος
574 611 659 679 ἕλους
680 608 733 679 τάς
755 609 834 695 ῥίζας
854 615 912 672 τῶν
935 611 1075 693 καλάμων
1098 609 1220 694 ὀρύττει,
1242 608 1364 673 κᾶπειτα
1386 608 1493 677 πλύνας

244 713 383 798 καθαρῶς
412 710 546 776 ἐκκόπτει
575 713 668 781 λίθοις
702 713 774 795 πρὸς
807 712 908 796 μέρος,
941 715 1064 797 ποιήσας
1096 713 1128 776 δέ
1158 716 1236 776 λεῖον
1269 713 1317 776 καὶ
1349 713 1493 781 κολλῶδες

244 815 445 898 ’γένέπλασεν
472 814 628 898 ἐκμαγίσας
654 817 702 878 καὶ
730 815 764 879 οὐ
788 814 994 899 χειροπληθεῖς
1018 813 1136 897 όγκους,
1163 815 1227 878 εἶτα
1249 815 1279 878 ἐν
1301 820 1344 901 τῷ
1369 814 1492 898 καύματι

214 924 416 1003 οπαροπτῶν,
438 917 544 1001 ταύτην
567 915 631 1002 ἔχει
653 920 829 1003 προσφοράν.
874 915 976 1002 έχουσι
999 918 1032 980 δέ
1053 917 1132 981 οῦτοι
1152 919 1241 981 κακὸν
1263 918 1401 1002 άφυκτον,
1427 917 1493 986 τούς

246 1022 277 1084 ἐν
293 1024 353 1090 τοῖς
374 1020 453 1083 ἕλεσι
467 1018 584 1089 λέοντας
606 1020 822 1104 ἐπιτιθεμένους
844 1020 950 1088 αὐτοῖς.
985 1020 1042 1083 ύπδ
1065 1020 1163 1103 δὲτὴν
1179 1021 1314 1105 ἐπιτολὴν
1337 1023 1388 1083 τοῦ
1410 1020 1494 1088 κυνδς

243 1123 352 1207 γίνεταί
370 1146 397 1185 τι
423 1125 573 1186 κωνώπων
600 1124 715 1207 πλῆθος
741 1122 879 1197 ἀπλετον,
908 1123 1080 1207 τηλικαύτην
1106 1119 1176 1207 ἔχον
1203 1123 1320 1206 δύναμιν
1348 1123 1424 1186 ὥστε
1446 1123 1493 1186 τὸν

243 1227 314 1290 λαὸν
341 1226 383 1293 εἰς
408 1224 459 1295 τὰς
484 1227 637 1307 λιμνώδεις
664 1224 800 1309 ὑγρασίας
826 1224 993 1289 ἀπελθόντα
1018 1224 1081 1287 ἐκεῖ
1107 1224 1201 1307 μένειν
1228 1227 1335 1310 ἀφανῆ.
1380 1223 1429 1309 ὑφ’
1452 1227 1493 1289 ῶν

244 1330 343 1393 καλοί
365 1326 478 1396 λέοντες
500 1327 695 1399 ἐκτοπίζονται
717 1326 775 1413 οὐχ
793 1327 886 1396 ούτως
908 1329 963 1391 ὑπὸ
986 1331 1037 1390 τοῦ
1052 1328 1165 1411 δηγμοῦ
1187 1327 1369 1411 δηλούμενοι,
1392 1328 1493 1412 καίπερ

202 1448 232 1493 lo
245 1431 327 1501 ὄντος
356 1430 521 1516 ἐπαχθοῦς,
552 1433 592 1500 ῶς
622 1431 685 1493 τὸνΑ
700 1430 758 1494 ἀπὸ
789 1436 842 1515 τῆς
870 1435 971 1515 φωνῆς
997 1429 1072 1515 ἦχον
1099 1430 1262 1515 ἀλλόφυλον
1289 1431 1495 1500 ἀδυνατοῦντες

245 1535 352 1620 φέρειν.
465 1533 540 1595 ἀλλὰ
570 1536 659 1594 ταῦτα
689 1532 741 1614 μὲν
771 1532 947 1617 ἀπηγγέλθω
977 1538 1028 1596 τοῦ
1058 1532 1220 1616 παραδόξου
1249 1534 1347 1619 χάριν·
1386 1534 1415 1596 τί
1440 1534 1493 1618 γὰρ

247 1637 393 1722 ἐδιώτερον
415 1634 462 1720 <“>
482 1635 600 1703 λέοντας
623 1635 675 1718 μὲν
698 1634 839 1720 ἐκχωρεῖν
861 1638 1009 1720 κώνωψιν,
1030 1634 1205 1719 ἀνθρώπους
1220 1636 1253 1698 δέ
1267 1636 1415 1709 σώζεσθαι
1438 1637 1494 1699 ὑπὸ

248 1739 379 1802 τοιούτου
400 1738 546 1815 κινδύνους

154 2030 157 2034 ¹
204 1961 232 2005 ιο
246 1968 323 2026 ματα
349 1943 525 2025 σιτουμένων
553 1943 655 2025 ἐγγίζει
680 1941 775 2025 γένος,
803 1943 941 2028 βραχεῖαν
967 1941 1037 2028 ἔχον
1065 1944 1118 2028 τὴν
1144 1946 1340 2029 παραλλαγήν.
1384 1947 1411 2008 oi
1442 1947 1494 2029 μέν

244 2048 299 2133 γὰρ
321 2048 370 2110 τὸν
392 2047 532 2109 πίπτοντα
552 2045 662 2129 καρπὸν
682 2045 740 2108 ἀπδ
763 2048 820 2106 τῶν
842 2044 968 2130 δένδρων
991 2051 1133 2110 σιτοῦνται
1156 2043 1160 2133 Ι
1185 2047 1242 2109 ὑπὸ
1265 2048 1316 2132 τὴν
1339 2048 1463 2132 θερείαν,
1475 2065 1548 2109 τοίω

244 2152 280 2214 τδ
307 2151 340 2214 δὲ
367 2149 466 2212 λοιπὸν
492 2153 546 2232 τῆς
574 2131 811 2217 πόαςάπτονται
840 2153 893 2232 τῆς
920 2147 951 2211 ἐν
981 2153 1041 2218 τοῖς
1068 2153 1191 2233 σκιεροῖς
1218 2148 1318 2232 ἀγκεσι
1344 2151 1494 2237 γινομένης

246 2256 365 2337 στερεοῖς
385 2274 417 2314 τε
439 2251 491 2334 τὴν
512 2249 597 2335 φύσιν
619 2250 667 2312 καὶ
689 2249 797 2312 καυλδν
820 2250 1015 2335 ἐκτρεφούσης
1037 2251 1195 2336 παρόμοιον
1221 2256 1284 2321 ταῖς
1306 2253 1495 2338 καλουμέναις

247 2357 406 2442 βουνιάσιν·
440 2355 468 2416 οἱ
495 2353 528 2416 δέ
554 2357 606 2437 τῆς
635 2353 705 2435 ύλης
732 2353 783 2434 τὴν
811 2352 926 2436 ἁπαλὴν
948 2358 1102 2417 σιτοῦνται.
1145 2353 1224 2417 οῦτοι
1245 2354 1300 2422 τὰς
1318 2355 1370 2436 μέν
1393 2355 1495 2427 νύκτας

207 2464 402 2543 νυκοιμῶνται
429 2455 516 2519 τόπον
535 2454 602 2517 ’ἀπὸ
628 2459 686 2517 τῶν
716 2453 780 2516 ἐκεῖ
804 2453 913 2538 θηρίων
944 2456 1023 2541 πρὸς7
1044 2456 1189 2541 δχόρωσιν
1218 2456 1418 2539 ἐκλελεγμένοι
1447 2460 1495 2523 καὶ

246 2562 391 2647 φυλακήν·
425 2559 488 2643 ἅμα
514 2559 547 2621 δέ
572 2557 647 2641 ἡλίῳ
676 2556 749 2639 μετὰ
774 2556 881 2619 τέκνων
908 2559 956 2621 καὶ
978 2564 1120 2641 γυναικῶν
1142 2559 1190 2621 ἐπὶ
1211 2558 1248 2621 τά
1269 2559 1371 2644 δένδρα
1393 2561 1496 2631 πάντες

247 2663 443 2748 ἀναβαίνουσι,
472 2663 587 2744 σπουδῇ
615 2659 786 2744 καταλαβεῖν
815 2662 966 2742 ζητοῦντες
987 2661 1054 2730 τούς
1075 2660 1181 2745 ἄκρους
1202 2665 1328 2732 κλῶνας·
1362 2664 1496 2727 κάκεῖθεν

246 2768 297 2850 τὴν
320 2765 515 2849 ἁπαλωτάτην
538 2763 608 2846 ύλην
631 2759 805 2844 ἀμέλγοντες
829 2761 965 2846 εὐμαρῶς
987 2768 1139 2827 σιτοῦνται.
1252 2767 1385 2849 τοιαύτην
1408 2766 1441 2829 δέ
1463 2767 1497 2829 ἐκ

247 2873 296 2931 τοῦ
326 2867 432 2934 παντὸς
462 2865 524 2951 βίου
554 2863 788 2948 περιπεποίηνται
818 2864 869 2947 τὴν
899 2864 972 2942 ἕξιν,
1002 2867 1079 2930 ὥστε
1107 2869 1155 2930 καὶ
1184 2867 1220 2931 τὰ
1249 2873 1301 2952 τῆς
1331 2869 1496 2953 ἀναδρομῖης

213 2971 367 3035 κεάπιστον
390 2967 543 3054 ἔχειντὴν
566 2966 636 3029 θέαν
658 2968 706 3029 καὶ
728 2966 779 3049 τὴν
804 2968 948 3030 συντονίαν
971 2968 1004 3031 οὐ
1028 2974 1134 3053 χειρῶν
1158 2968 1244 3054 μόνον
1274 2973 1321 3034 καὶ
1346 2971 1494 3035 δακτύλων

248 3076 295 3138 καὶ
317 3075 425 3148 ποδῶν,
448 3069 524 3134 ἀλλά
547 3069 596 3132 καὶ
616 3074 675 3132 τῶν
698 3074 794 3154 μερῶν
816 3074 873 3132 τῶν
895 3071 1060 3134 ύπολοίπων
1083 3073 1193 3141 ἁπλῶς.
1231 3074 1420 3158 μεταπηδῶσι
1441 3073 1494 3157 γάρ

248 3175 379 3259 εὐπόρως
400 3171 451 3237 ἀπ’
472 3172 563 3236 άλλου
586 3173 658 3256 πρὸς
679 3171 776 3256 ἕτερον
799 3171 955 3257 ἀκρεμόνα,
978 3174 1025 3236 καὶ
1048 3173 1115 3242 τούς
1137 3177 1259 3245 κλάδους
1276 3176 1412 3259 ἀλλήλων
1429 3180 1495 3239 πολ-

247 3282 329 3348 λάκις
350 3278 381 3340 ἐν
404 3281 463 3345 τοῖς
485 3261 741 3360 ἐπισφαλεστάτοις
761 3274 859 3344 τόποις
881 3277 1079 3359 ἀφαιροῦνται,
1101 3278 1149 3339 καὶ
1167 3283 1283 3342 τοιαῦτα
1297 3279 1495 3351 ἐνδείκνυνται,

248 3383 324 3445 ὥστε
353 3381 401 3444 τδν
432 3377 527 3442 ἰδόντα
555 3378 642 3441 αὐτὸν
673 3378 723 3461 μὲν
754 3378 984 3462 ἐκπλήττεσθαι,
1018 3380 1058 3462 μὴ
1089 3378 1185 3462 μέντοι
1214 3381 1331 3466 θαρρεῖν
1361 3382 1402 3450 εἰς
1429 3383 1497 3451 τούς

116 3563 119 3566 ᾗ
212 3484 384 3568 ωάπείρους
405 3481 592 3565 ἐξαγγέλλειν.
637 3481 685 3544 καὶ
707 3481 800 3543 πάντα
822 3481 854 3543 δὲ
876 3482 981 3544 κλάδον
1003 3487 1063 3550 τοῖς
1085 3483 1199 3546 ὀδοῦσιν
1225 3482 1347 3569 ἔγχυλον
1373 3485 1496 3568 ἀπεργά-

248 3593 356 3662 ζονται,
384 3588 431 3649 καὶ
453 3588 516 3654 ταῖς
538 3583 657 3653 κοιλίαις
679 3582 811 3667 εὐπόρως
833 3582 980 3647 πέττουσι·
1016 3585 1063 3647 καὶ
1086 3587 1119 3648 τὸ
1142 3587 1249 3671 σφαλέν
1273 3587 1385 3650 ἀνωθεν
1409 3593 1496 3672 σῶμα

202 3828 230 3879 14
249 3824 298 3894 δτι]
316 3823 413 3894 Agath.
426 3839 468 3890 ap.
481 3821 557 3874 Phot.
569 3821 638 3874 Bibl.
655 3837 682 3889 p.
693 3819 889 3874 452212-40.
916 3821 949 3875 ci.
965 3823 1042 3875 Diod.
1055 3821 1090 3875 III
1103 3820 1136 3874 24

199 4039 214 4091 4
232 4038 362 4092 ένίπλασεν
381 4036 523 4105 ἐκμαγίσας,
542 4038 585 4088 καὶ
601 4034 631 4088 οὐ
649 4040 768 4105 corrupte
784 4037 820 4088 D:
841 4035 975 4089 ἀνέπλασεν
993 4036 1023 4088 ἐκ
1040 4035 1141 4106 μαγίδος
1157 4036 1178 4089 εἰ
1192 4038 1238 4090 ’καὶ
1255 4037 1284 4089 οὐ
1302 4039 1361 4103 (sic)
1377 4040 1461 4104 phot„
1480 4039 1548 4107 quod

197 4143 282 4180 verum
301 4126 413 4190 videtur,
430 4125 454 4176 si
472 4124 566 4176 είκαίου
584 4140 630 4191 pro
649 4124 742 4182 εἰκαίας
761 4140 815 4176 non
833 4124 968 4178 deficiente
987 4125 1108 4192 analogia
1126 4125 1223 4177 dictum
1242 4141 1298 4178 esso
1315 4127 1428 4179 Dielesio
1447 4127 1550 4179 credas:

196 4215 268 4267 Diod.
287 4212 441 4281 simpliciter
461 4211 653 4281 περιπλάσαντες
673 4208 889 4283 χειροπληθιαίους
910 4210 1092 4281 (χειροπληθεῖς
1114 4212 1189 4264 codd.
1205 4213 1332 4281 vulgares)
1355 4212 1444 4282 ὄγκους

197 4301 212 4353 9
237 4300 384 4372 δηλούμενοι
402 4298 490 4352 Ρλιοέ.;
508 4297 659 4367 δτιλούμενοι
678 4299 699 4351 D
723 4302 749 4352 ot
766 4299 789 4352 B
807 4299 895 4352 phot:
910 4291 968 4351 ’ὐπὸ
987 4304 1031 4351 τοῦ
1050 4299 1175 4368 δήγματος
1193 4303 1411 4371 κακουχουμένους
1428 4302 1503 4354 Diod.

199 4390 229 4442 10
251 4388 302 4442 ἀπδ
320 4392 366 4458 τῆς
385 4388 406 4439 Ι)
424 4387 513 4439 Diod:
539 4385 588 4439 ὐπύ
606 4391 652 4456 τῆς
669 4387 744 4439 Phot.
873 4386 904 4438 12
928 4386 1051 4457 dPhots
1076 4389 1165 4441 om.D
1291 4388 1322 4441 14
1346 4395 1396 4447 τοῖς
1414 4388 1550 4458 εἰρημένοις

195 4476 281 4530 phot:
306 4475 366 4534 τούς
384 4474 566 4546 είρημένουςΙ)
672 4473 704 4526 τὰ
721 4474 807 4526 Ρύοί.τ
832 4474 917 4527 om.D
1023 4474 1053 4527 16
1077 4474 1125 4527 ὐπδ
1143 4476 1177 4528 D:
1202 4476 1246 4527 καὶ
1263 4474 1312 4528 ὐπὸ
1329 4477 1418 4529 Phot.:
1444 4477 1487 4528 καλ
1505 4493 1550 4529 ex·

196 4564 291 4632 punxit
307 4562 410 4616 Bekker
496 4558 593 4631 θερείαν
611 4561 686 4614 Ρίιυέ.
699 4562 788 4614 Diod:
811 4558 918 4634 θεωρίαν
936 4564 958 4615 Ι)
1053 4562 1084 4614 17
1108 4563 1194 4632 άγκεσι
1206 4563 1300 4616 Ῥέιοθε
1324 4563 1387 4616 έλεσι
1405 4563 1441 4615 D:
1464 4579 1550 4632 συναγ-

195 4652 271 4710 κείαις
288 4650 366 4704 Diod.
468 4648 500 4700 18
518 4654 617 4718 στερεᾶς
634 4666 662 4702 τε
680 4649 767 4702 Phoi:
790 4654 944 4720 στερεοῦνται
956 4651 983 4703 1D
1090 4649 1124 4702 20
1142 4649 1313 4720 έκλιλτγμένοι
1330 4652 1366 4704 D:
1390 4650 1551 4722 ἐξειλεγμένοι

196 4738 269 4791 Phot.
363 4735 397 4788 22
416 4733 566 4804 καταλαβεῖν
583 4736 672 4789 Pion:
695 4735 885 4806 καταβαλεῖνΙ)
984 4737 1017 4789 24
1035 4738 1236 4809 περιπεποίηνται
1254 4740 1287 4792 D:
1312 4739 1457 4810 πεποίηνται
1476 4740 1549 4793 Phot.

196 4825 228 4878 25
245 4826 371 4879 συντονίαν
389 4825 477 4876 Ρύυθ.;
499 4825 631 4892 συντομίαν
648 4825 670 4877 D
759 4824 792 4877 26
811 4824 898 4884 ἀπλῶς
915 4825 1003 4878 Phot.:
1025 4823 1128 4884 ἁπαλοῖς
1146 4827 1167 4879 D
1256 4827 1291 4880 30
1309 4827 1414 4898 ἔγχυλον
1432 4829 1454 4881 D
1472 4829 1548 4881 Phot.

120 4972 124 4985 Ι
197 4912 282 4966 Diod:
306 4913 417 4965 forsitan
436 4912 547 4983 ἔγκοιλον
673 4911 714 4964 30.
728 4911 759 4964 31
783 4912 959 4984 ἀπεργάζονται
977 4913 1012 4967 D:
1036 4914 1227 4983 κατεργάζονται
1244 4915 1319 4967 Phot.
