3510 5610
648 303 857 359 SOLUTIONES
876 306 922 359 AD
942 305 1124 362 OHOSROEM
1498 313 1559 378 103

257 477 385 561 quidem
413 477 539 541 omnino
569 477 694 560 quidam
722 478 860 559 boreales
892 487 1056 557 uocantur,
1090 482 1216 564 quidam
1243 505 1315 548 vero
1342 468 1504 550 australes:

259 580 415 644 adduntur
430 600 551 663 quoque
570 579 698 663 quidam
718 580 871 665 zephyrici
888 581 997 646 boreae
1019 619 1060 628 -
1082 584 1252 668 frigidiores
1267 588 1350 651 enim
1371 610 1406 653 so
1422 589 1503 672 quod

259 683 378 768 spirant
400 683 438 746 ab
461 681 608 762 occiduis3
632 688 705 747 noto
728 704 800 747 uero
816 684 971 769 apeliotioi
994 722 1034 730 -
1058 685 1217 751 calidiores
1232 688 1314 752 enim
1338 696 1445 774 utpote
1466 693 1505 756 ab

260 793 330 850 ortu
352 785 519 869 spirantes,
548 805 583 848 eo
606 785 688 868 quod
710 784 844 869 plurimo
871 793 1009 872 tempore
1031 787 1088 852 sub
1110 789 1174 853 solo
1200 797 1273 854 sunt
1299 792 1352 875 qui
1375 795 1414 857 ab
1436 800 1505 859 ortu

231 888 421 972 sprodeunt
445 907 587 952 occasum
609 908 681 951 vero
701 887 882 972 relinquunt
904 889 964 953 cito
987 897 1019 954 et
1040 891 1138 954 sorios
1157 893 1407 977 appropinquant
1429 897 1505 960 loco.

155 1022 161 1035 ·
261 999 292 1056 et
313 991 370 1056 hoc
390 1011 512 1075 quoque
535 990 733 1054 manifestum
756 990 799 1054 sic
813 991 905 1055 simul
927 993 1044 1076 spirare
1059 994 1227 1058 contrarios
1250 1017 1311 1060 non
1326 1018 1427 1081 posse3
1443 1014 1507 1083 ¹per

261 1095 446 1185 diametrum
469 1093 552 1157 enim
573 1092 652 1188 alter
674 1092 814 1177 repulsus
834 1094 976 1177 quiescit;
1000 1095 1051 1159 eos
1068 1117 1140 1160 uero
1163 1117 1224 1161 non
1240 1099 1284 1162 sic
1298 1100 1413 1183 positos
1428 1101 1505 1166 nihil

259 1197 399 1281 prohibet
425 1217 480 1280 par
505 1195 588 1259 idem
618 1195 749 1260 mousri:
784 1217 820 1260 ac
849 1217 903 1280 per
928 1197 985 1260 hoc
1012 1198 1104 1262 simul
1130 1199 1250 1284 spirant
1275 1202 1408 1286 utrique.
1452 1227 1507 1289 por

259 1291 349 1364 horas'
371 1307 485 1364 autem·
499 1299 669 1370 contrarias
691 1299 837 1363 contrarii
860 1300 996 1364 maxime
1012 1302 1152 1385 perflant,
1175 1310 1286 1387 utputa
1300 1304 1381 1369 circa
1402 1307 1506 1391 aequi·

220 1419 245 1462 ιο
258 1403 395 1467 noctium
411 1401 537 1482 uernale
553 1401 676 1466 haociao
697 1410 728 1466 et
743 1403 868 1466 omnino
890 1404 1240 1493 summa-conuersionis
1255 1407 1402 1486 aestiuas,
1425 1408 1506 1473 circa

185 1550 189 1557 -
258 1527 330 1572 uero
358 1504 538 1569 autumnale
565 1503 657 1585 libes,
685 1504 766 1568 circa
793 1524 916 1588 quoque
943 1506 1157 1571 conuersiones
1184 1508 1318 1572 aestiuas
1343 1510 1504 1594 zephyrus,

257 1609 405 1674 hiemales
441 1613 546 1672 autem
579 1627 680 1671 eurus.
735 1606 922 1671 incumbunt
954 1628 1027 1671 uero
1064 1608 1131 1672 ahie
1168 1617 1200 1673 et
1232 1611 1357 1676 omnino
1392 1613 1508 1678 sistunt

256 1712 413 1798 aparctias
440 1718 472 1775 et
497 1710 648 1775 thrascias
682 1717 713 1774 et
740 1717 891 1794 argestae:
927 1730 962 1774 eo
990 1712 1071 1775 enim
1106 1713 1189 1795 quod
1215 1713 1345 1778 illorum
1372 1714 1506 1800 impetus

256 1837 292 1880 ex
318 1816 456 1901 proximo
479 1814 528 1894 lit,
560 1812 651 1876 multi
675 1818 707 1876 ot
732 1814 825 1877 sortes
851 1813 970 1897 spirant
996 1813 1131 1878 maxime
1154 1815 1195 1879 hi.
1240 1816 1321 1881 inest
1343 1825 1447 1882 autem
1475 1826 1506 1883 et

217 1934 243 1980 ιο
255 1942 346 2005 saepe
370 1941 408 1983 ex
430 1918 566 1982 locorum
594 1915 746 2001 positione
769 1923 879 1979 uentos
906 1915 938 1979 in
961 1917 1148 1982 contrarium
1176 1918 1236 1982 sibi
1259 1919 1390 1983 existere
1412 1920 1506 1984 borea

257 2023 338 2087 onim
362 2022 440 2086 forte
466 2021 499 2084 in
526 2019 646 2084 aestiua
672 2019 765 2082 llante
792 2026 823 2082 et
846 2019 1018 2083 offendente
1046 2020 1143 2084 monti
1171 2020 1292 2085 cuidam
1316 2023 1451 2088 maximo
1474 2031 1506 2088 et

256 2126 347 2211 pleno
363 2123 483 2188 niuium
500 2144 538 2186 ex
554 2121 681 2185 hiemali
697 2120 771 2185 hora
792 2126 982 2204 repostarum
1000 2122 1032 2186 in
1050 2143 1095 2202 eo,
1116 2122 1228 2186 iactam
1245 2124 1505 2208 repercussionem

257 2251 294 2292 cx
319 2249 354 2293 eo
376 2226 491 2292 accidit
512 2226 640 2289 flantem
666 2230 773 2288 notum
798 2245 863 2288 esse
886 2224 1000 2305 uideri,
1027 2232 1135 2310 utpote
1158 2226 1205 2289 his
1232 2226 1379 2310 quisunt
1405 2229 1437 2293 in
1460 2253 1505 2295 rc-

255 2331 411 2414 gionibus,
441 2335 496 2393 aut
518 2326 687 2392 secundum
716 2348 781 2390 esse
808 2333 839 2390 et
861 2327 1090 2410 oportuniorem
1117 2327 1150 2392 in
1172 2328 1247 2393 hora
1269 2331 1389 2395 aestiua
1410 2333 1504 2397 talem

215 2442 383 2498 rousntum
408 2440 514 2496 notum
539 2451 604 2494 esse
626 2429 836 2510 aestimatum,
860 2449 895 2494 eo
918 2428 1001 2513 quod
1022 2451 1077 2514 per
1096 2431 1357 2515 repercussionem
1381 2455 1418 2498 ex
1442 2456 1505 2500 ms-

257 2536 384 2602 ridianis
406 2535 471 2619 ipse
495 2533 669 2617 egrediatur
698 2531 847 2616 partibus.
897 2532 1081 2616 quibusdam
1109 2520 1231 2618 quoquo
1259 2542 1423 2599 uentorum
1452 2559 1505 2622 op-

257 2639 355 2724 posita
378 2638 461 2701 edita
486 2637 554 2700 loca
580 2642 766 2720 praeparant
792 2655 843 2699 eos
868 2635 1045 2720 supergredi
1073 2636 1196 2700 uerticis
1218 2637 1415 2702 altitudinem
1443 2662 1504 2705 non

257 2743 396 2807 ualentes
423 2747 477 2804 aut
499 2726 656 2822 quiescere
678 2738 754 2802 llatu
776 2744 831 2802 aut
853 2737 1122 2823 circumspirantss
1150 2739 1182 2802 in
1205 2739 1334 2804 circuitu
1356 2741 1503 2827 recipien-

255 2846 333 2909 tium
360 2865 392 2916 se
421 2843 558 2907 locorum
586 2840 684 2904 uideri
712 2861 750 2904 ex
772 2840 870 2905 altera
896 2840 1047 2925 positione
1070 2841 1220 2926 impetum
1244 2843 1357 2921 lacere,
1386 2851 1417 2909 et
1439 2866 1522 2925 non,

214 2965 242 3010 as
256 2971 294 3013 ex
309 2946 441 3032 propriis
464 2945 537 3009 locis
559 2943 711 3028 spirantes
733 2951 918 3028 porrectam
934 2943 1048 3008 lineam
1068 2944 1198 3028 prodire.
1233 2953 1264 3008 ot
1279 2946 1358 3010 aliae
1380 2968 1503 3032 quoquc

256 3059 420 3116 uentorum
443 3056 516 3111 eunt
538 3046 754 3132 proprietates,
782 3045 965 3131 quibusdam
989 3045 1113 3131 quidem
1143 3046 1324 3112 aridioribus·
1347 3051 1503 3116 existenti-

254 3156 324 3234 bus,
352 3150 537 3236 quibusdam
565 3169 638 3212 nero
665 3148 813 3226 humidis,
841 3154 873 3212 et
896 3141 1082 3232 'quibusdam
1113 3149 1237 3232 quidem
1262 3151 1357 3216 cxilss
1380 3153 1502 3219 descen-

253 3259 361 3322 dentes
388 3255 475 3319 niuss
502 3260 534 3316 et
559 3251 723 3335 grandines
749 3259 805 3316 aut
831 3251 924 3315 etiam
951 3252 1107 3334 grauiores
1135 3252 1223 3316 niues
1244 3254 1444 3337 facientibus,
1471 3267 1502 3322 ct

199 3409 258 3420 ...-
267 3409 275 3413 -
308 3400 598 3413 ...--......-....--..-.

202 3482 232 3534 ll
252 3479 288 3553 cl,
304 3479 497 3547 Theophrastus
515 3475 547 3528 de
563 3476 648 3527 ventis
668 3474 714 3526 27:
732 3475 825 3544 γίνεται
842 3473 868 3526 δέ
887 3473 930 3526 καί
949 3473 1084 3531 ιίνοίκλασίς
1101 3493 1138 3532 τις
1155 3481 1208 3527 τῶν
1226 3475 1326 3543 ἀνέμων
1346 3476 1411 3530 rbere
1430 3478 1555 3532 ἀντιπνεῖν

199 3567 291 3631 αὑτοῖς,
309 3564 369 3618 όταν
387 3563 549 3636 ὑψηλοτέροις
567 3562 653 3621 τόποις
670 3559 883 3631 προσπνεὺσαντες
906 3561 1025 3635 ὑπερᾶραι
1044 3564 1079 3633 μὴ
1098 3561 1229 3615 δὺνωνται.
1266 3563 1302 3616 διὸ
1322 3564 1422 3636 ἐνιαχοῦ
1440 3568 1472 3618 τὰ
1490 3568 1553 3636 νέφη

196 3663 249 3713 τοῖς
266 3653 402 3722 πνεὺμασιν
421 3650 554 3705 ὑπεναντία
572 3650 673 3720 φέρεται
691 3647 805 3720 καθάπερ
824 3650 878 3718 περὶ
897 3645 995 3717 Αίγειὰς
1013 3653 1058 3719 τῆς
1078 3646 1236 3709 Μακεδονίας
1255 3652 1341 3723 βορέαο
1360 3653 1476 3713 πνέοντος
1493 3654 1555 3725 πρὸς

196 3743 241 3796 τὸν
255 3742 352 3814 βορέαν.
379 3738 458 3792 αίτιον
477 3735 500 3789 δ’
516 3735 554 3789 ότι
572 3744 624 3790 τῶν
643 3735 710 3808 όρῶν
723 3735 804 3788 όντων
823 3735 929 3807 ὑψηλῶν
947 3742 999 3788 τῶν
1018 3755 1045 3789 τε
1062 3740 1116 3809 περὶ
1134 3737 1177 3790 τὸν
1194 3736 1322 3809 Ὄλυμπον
1341 3741 1384 3791 καὶ
1402 3740 1448 3808 τὴν
1465 3737 1554 3793 Ὄσσαν

196 3832 229 3883 τὰ
247 3828 376 3897 πνεὺματα
394 3824 579 3897 προσπίπτοντα
597 3825 640 3876 καί
660 3823 707 3897 οὑχ
724 3822 887 3896 ὑπεραίροντα
904 3823 1002 3877 τοὺτων
1022 3822 1159 3876 ἀνακλᾶται
1178 3825 1239 3897 πρὸς
1256 3824 1408 3891 τοὺνοιντίον,
1427 3826 1493 3879 ὥστε
1511 3830 1554 3880 καί

197 3919 228 3970 τὰ
245 3916 308 3985 νέφη
322 3914 454 3983 κατώτερα
472 3912 533 3964 όντα
545 3911 661 3984 φέρουσιν
679 3911 804 3970 ἐναντίως
832 3912 960 3982 σομβαίνει
978 3911 1004 3963 δέ
1023 3913 1066 3963 ιιοὶ
1085 3909 1145 3962 αὑτό
1165 3917 1238 3964 τοῦτο
1257 3911 1316 3985 παρ’
1332 3913 1424 3971 ἄλλοις.
1452 3915 1553 3988 ἐνιαχοῦ

196 4004 223 4057 δέ
241 4006 285 4056 καί
307 4001 351 4054 ὑπ’
372 4000 463 4057 αὑτσὺς
485 4000 543 4057 robe
563 3999 662 4070 ἐτησίας
684 3999 953 4079 όντίπνοιαιᾶίνανται
976 4002 1014 4069 τῷ
1037 3999 1112 4070 βορέᾳ
1137 3999 1177 4052 διὰ
1194 4000 1241 4069 τὴν
1259 4000 1402 4071 περίκλασιν
1427 4000 1553 4054 ὥστεκαὶ

197 4089 393 4162 ἐναντιοδρορεῐν
411 4088 443 4140 τό
461 4087 547 4151 πλοῖα,
570 4084 685 4158 καθάπερ
702 4088 745 4139 καί
764 4086 819 4157 περί
841 4085 885 4138 τὸν
903 4085 980 4155 πόρον
1003 4084 1047 4138 τόν
1065 4086 1094 4138 ἐκ
1113 4085 1239 4147 Χαλκίδος
1257 4089 1291 4145 είς
1310 4087 1436 4158 Ὠρωπόν,
1460 4088 1503 4147 οὑς
1521 4088 1551 4160 δὴ

197 4178 301 4231 καλοῦσι
319 4175 495 4247 παλιμβορέας.
531 4175 622 4245 γίνεται
641 4173 667 4228 δέ
685 4178 760 4226 τοῦτο
780 4171 867 4243 σχεδὸν
890 4169 950 4225 όταν
969 4173 1016 4226 ιὺσι
1033 4173 1216 4247 λαμπρότατοι·
1243 4176 1300 4228 τότε
1323 4178 1369 4248 γὰρ
1388 4175 1494 4245 μάλιστα
1512 4175 1552 4229 δὺ·

196 4284 282 4318 νανται
302 4264 338 4322 ιὺς
355 4264 512 4337 πορρωτάτω
531 4261 657 4316 διατείνειν
675 4259 735 4315 όταν
753 4258 851 4330 πλῆθος
868 4254 884 4335 ᾗ
904 4258 933 4313 τὸ
951 4261 1101 4315 ἀντικόπτον

196 4468 336 4537 2ὑοισαο]
354 4471 431 4523 boreo
452 4469 536 4521 ΘΗΜ
632 4468 781 4539 8utrique]
800 4470 852 4522 utri
871 4467 901 4520 H
1008 4469 1367 4523 romacianensis!
1464 4470 1495 4522 12
1514 4471 1549 4523 si·

196 4560 269 4609 sturm
287 4555 368 4607 Roas:
388 4563 450 4609 sunt
470 4555 555 4608 CHM
661 4557 691 4609 13
710 4558 823 4625 apractie
844 4555 931 4609 CHM
1033 4546 1127 4608 thrasio
1146 4553 1175 4606 H
1258 4557 1349 4610 -snim
1369 4576 1412 4608 om.
1436 4558 1490 4608 CM

197 4643 228 4696 15
252 4645 328 4696 borso
350 4644 405 4694 CM
521 4643 551 4697 17
570 4659 616 4711 psr
634 4656 689 4694 ιιιιιε
708 4643 805 4696 lactum
824 4643 882 4695 add.
901 4642 969 4694 Roas
1088 4643 1120 4695 18
1139 4647 1229 4711 utpote
1247 4641 1303 4711 ete]
1320 4662 1409 4710 praeca
1420 4646 1484 4708 sorr.
1503 4643 1546 4697 ἅττ

194 4737 247 4788 τοῖς
276 4730 432 4804 ἐπιχωρίοις,
458 4731 515 4800 ἤτοι
537 4732 603 4783 κατὰ
625 4728 654 4782 τό
682 4730 725 4781 καί
748 4729 898 4802 ὡραιότερον
925 4729 987 4782 εἶναι
1011 4730 1037 4781 έν
1060 4728 1115 4802 ὥρη
1138 4727 1226 4801 θερινῇ
1247 4729 1291 4783 τόν
1313 4735 1426 4783 τοιοῦτον
1449 4731 1541 4799 ἄνεμον

194 4818 265 4870 νότον
284 4816 346 4870 εἶναι
364 4816 542 4887 δεδοξασμένον
659 4817 693 4870 20
712 4833 741 4870 eo
761 4819 841 4886 quod]
862 4838 883 4869 ο.
902 4817 1088 4885 ‹reprobis›
1205 4816 1240 4870 20
1257 4831 1303 4884 pet·
1320 4836 1364 4870 σοι.
1385 4817 1449 4874 ΗΜ

195 4904 228 4958 22
246 4906 409 4974 superegrsdi
431 4906 484 4958 CM
588 4906 621 4959 27
640 4906 857 4959 descendentibus
876 4906 942 4957 Roas
