3510 5610
194 345 253 410 102
734 340 905 394 pulsemur
924 338 1006 392 LYIll

246 517 336 579 berea
358 538 430 580 uere
455 517 549 580 llante
578 515 617 578 ab
640 521 762 579 arcturo
791 535 845 598 per
871 512 1056 576 diametrum
1085 507 1255 573 contrarius
1282 515 1328 572 est
1351 518 1444 579 nctus
1466 509 1494 573 ei
1585 507 1590 513 ’

244 619 401 702 exspirans
429 641 466 682 ex
494 618 631 681 meridie.
681 617 799 681 aestiuo
825 622 930 679 autem
958 621 1028 678 crtu
1055 633 1126 677 eum
1153 612 1207 695 qui
1233 611 1346 677 dicitur
1373 613 1496 678 laecias

245 721 378 785 habente
412 720 583 785 contrarius
617 727 662 784 est
695 719 723 783 ei
756 719 810 802 qui
843 717 957 781 dicitur
989 722 1123 799 argestes
1155 715 1285 800 spiranti
1318 716 1358 779 ab
1384 737 1497 780 occasu

244 823 372 887 aestiuo.
417 823 468 887 isti
501 823 606 906 itaque
634 829 708 885 sunt
740 820 831 905 positi
864 840 920 903 per
944 818 1131 882 diametrum
1164 817 1250 882 uenti
1283 839 1301 882 e
1327 819 1493 883 contrarie.

216 925 297 990 salii
319 933 424 989 autem
446 932 520 989 sunt
540 945 594 1009 per
615 944 691 1007 qucs
714 943 776 987 non
797 928 871 986 sunt
886 920 1032 986 contrarii
1054 920 1190 1005 spiritua,
1212 927 1430 986 cerumtamen
1451 921 1498 984 sic

246 1050 283 1092 er
306 1029 488 1092 necessitate
510 1027 734 1110 intelliguntur.
768 1024 884 1089 etenim
907 1022 1064 1102 thrascias,
1087 1043 1157 1087 cum
1179 1023 1220 1087 sit
1238 1023 1359 1088 medius
1380 1025 1497 1108 argesti

246 1137 277 1195 et
303 1129 427 1210 boreae,
460 1150 515 1214 per
542 1129 643 1194 simile
670 1127 858 1192 diametrum
882 1126 979 1205 ¹habet
1004 1131 1189 1189 euronotum
1215 1126 1415 1190 centrarium.
1465 1136 1499 1192 et

246 1233 359 1296 iterum
381 1253 479 1296 meses
501 1232 582 1296 inter
605 1230 744 1294 kaeciam
772 1234 803 1293 et
824 1229 950 1292 boream
972 1227 1090 1312 pesitus
1115 1227 1282 1312 apponitur
1303 1250 1358 1313 per
1379 1229 1497 1295 diame-

250 1344 332 1399 trum
354 1334 502 1410 libcnetc,
526 1333 579 1417 qui
601 1338 648 1397 est
663 1332 744 1396 inter
766 1338 876 1396 netum
898 1338 930 1395 et
943 1330 1049 1408 libem,
1071 1330 1153 1394 sicut
1167 1315 1205 1394 ⁸et
1219 1332 1340 1396 medius
1361 1341 1409 1396 eat
1431 1332 1497 1396 euri

208 1454 232 1497 ιο
246 1446 277 1502 et
303 1437 369 1501 ncti
393 1442 565 1500 eurcnctcs.
609 1434 769 1517 sicigitur
795 1434 828 1498 in
856 1455 909 1497 sex
936 1432 1161 1516 duplicationes
1188 1441 1243 1497 aut
1264 1435 1498 1518 coniugationea

183 1542 186 1546 ’
247 1540 333 1605 uenti
355 1539 447 1605 diuisi
470 1544 684 1615 omassum,
707 1537 765 1601 etsi
788 1544 930 1601 ueterum
951 1535 1077 1619 quidam
1100 1534 1267 1600 diuisiones
1289 1537 1366 1601 alias
1389 1546 1498 1603 etue

248 1643 384 1708 cationes
405 1641 594 1725 generalium
621 1645 786 1703 uentorum
807 1639 937 1703 faciunt.
981 1647 1055 1702 suut
1080 1645 1187 1702 autern
1213 1639 1339 1722 quidam
1362 1641 1498 1725 particu-

245 1746 372 1810 laricres
393 1730 449 1829 per
464 1742 546 1807 luces
569 1743 654 1806 uenti
678 1749 710 1806 et
728 1762 831 1818 aurae,
855 1741 912 1804 hec
927 1740 1052 1824 quidem
1075 1740 1236 1805 alacubus
1258 1748 1289 1805 et
1305 1742 1498 1819 fluminibua

247 1850 304 1913 hec
327 1867 400 1911 nere
422 1844 541 1911 sinibus
564 1844 691 1909 marinis
713 1852 768 1908 aut
791 1843 886 1908 etiam
908 1843 982 1907 lecis
1005 1843 1217 1908 differentibus
1239 1851 1355 1925 terrae,
1377 1867 1416 1910 ex
1439 1846 1498 1909 eia·

208 1944 232 2010 ιί
246 1951 316 2015 dem
343 1949 442 2013 causis
469 1947 684 2027 consistentes,
711 1946 783 2010 solis
810 1945 968 2009 caliditate
994 1952 1027 2009 et
1051 1966 1174 2009 sursum
1201 1953 1301 2011 tracta
1328 1948 1499 2026 inflatione,

248 2075 286 2118 ex
312 2052 387 2116 locis
414 2071 486 2115 uere
513 2049 627 2133 singuli
650 2048 766 2133 quique
794 2048 1014 2112 conuenienter
1041 2036 1152 2111 ueeatl.
1201 2070 1266 2112 esse
1293 2071 1367 2114 uere
1394 2050 1500 2135 plures

248 2164 358 2220 uentos
380 2153 418 2216 ab
441 2152 571 2216 arcturis
593 2172 687 2236 quam
710 2150 872 2214 meridiem
895 2168 1003 2214 uersus
1024 2171 1043 2214 a
1065 2150 1140 2214 locis
1161 2170 1254 2215 carisa
1274 2151 1364 2232 haec,
1392 2154 1499 2218 orbem

248 2266 398 2322 terrarum
426 2255 465 2319 ad
491 2254 573 2318 hunc
600 2254 773 2318 subiectum
800 2273 866 2317 esse
892 2252 1008 2329 lecum,
1037 2258 1068 2316 et
1094 2252 1175 2335 qued
1196 2255 1297 2318 multe
1325 2255 1394 2339 plus
1416 2277 1500 2341 aqua

248 2367 280 2425 et
303 2359 401 2423 hiems
424 2359 565 2423 inillam
587 2365 706 2442 partem
729 2356 888 2441 reponitur
910 2363 1034 2440 propter
1055 2356 1128 2420 solia
1150 2364 1299 2422 meatum.
1332 2359 1498 2442 spirituum

437 2507 596 2514 -—--

198 2585 228 2636 12
247 2584 280 2636 cl.
294 2584 348 2636 uie.
362 2581 498 2636 Blemmid.
511 2580 528 2632 l.
538 2596 561 2632 c.
574 2597 599 2648 p.
613 2578 673 2632 138:
693 2579 756 2636 τινές
774 2578 800 2631 dl
813 2579 856 2631 ael
874 2577 1024 2650 ἰδιοτρόπως
1042 2579 1215 2650 ἐπικρατοῦσιν
1233 2582 1259 2633 ἐν
1277 2581 1364 2641 τόποις
1380 2585 1443 2636 τισίν
1456 2583 1555 2638 taillac

194 2671 241 2741 τὴν
261 2672 353 2739 γένεσιν
372 2668 479 2743 ἔχοντες.
516 2669 559 2720 καί
576 2665 673 2719 τοὺτων
692 2663 790 2740 ὅσοιπερ
809 2667 838 2718 ἐκ
858 2668 1030 2737 νενοτισμένης
1048 2668 1148 2720 πνέουσι
1165 2671 1212 2736 γῆς
1229 2668 1339 2736 ἀπόγειοι
1356 2669 1484 2741 λ1γονται,
1501 2670 1556 2725 ὅσοι

195 2754 219 2810 δ’
242 2758 271 2810 ἐκ
291 2756 395 2809 ιιόλπων
413 2753 554 2816 ἐξόττουσιν
573 2754 718 2807 casolata·
745 2752 841 2811 τοίοτοις
858 2751 882 2805 δ’
903 2753 1025 2823 ἀνάλογόν
1047 2772 1071 2806 τι
1089 2742 1188 2825 ίγόυσιν
1206 2756 1230 2807 οἱ
1247 2755 1277 2809 ἐιι
1295 2763 1418 2826 ποταμῶν
1437 2759 1481 2811 aul
1498 2759 1556 2829 λιμ-

195 2851 247 2898 νῶν
267 2846 310 2911 (ax
330 2846 437 2897 Aristct.
456 2843 576 2910 saecli)
688 2842 719 2894 16
748 2833 854 2895 adstet.
873 2841 977 2894 36425:
999 2846 1044 2894 τοῦ
1063 2840 1087 2893 δ’
1109 2841 1171 2894 εἶναι
1189 2842 1289 2902 πλείους
1306 2844 1413 2912 όνέμους
1431 2846 1481 2899 ἀπὸ
1500 2852 1556 2899 τῶν

195 2932 256 3005 πρός
278 2932 371 3003 ἄρκτον
395 2930 480 2983 τόπων
503 2929 519 3000 ἢ
543 2934 596 2981 τῶν
618 2929 679 3002 πρὸς
701 2929 856 3001 μεσημβρίαν
878 2928 956 2982 αἴτιον
979 2929 1007 2982 τό
1029 2948 1056 2983 τε
1078 2930 1125 3000 τὴν
1147 2931 1298 3001 οἰκουμένην
1322 2931 1470 2987 ὑποκιῖσθαι
1494 2935 1557 3004 πρός

195 3024 285 3074 τοῦτον
303 3019 346 3072 τὸν
364 3018 449 3082 τόπον,
468 3019 511 3070 καί
529 3015 567 3070 ὅτι
585 3016 673 3087 πολλῷ
690 3016 775 3069 πλεῖον
793 3015 862 3089 ὕδωρ
881 3019 924 3069 οιαὶ
942 3017 1007 3086 γιῶν
1025 3015 1165 3070 ἀπωθεῖται
1184 3019 1217 3076 τίς
1233 3023 1307 3072 τοῦτο
1326 3019 1355 3073 τό
1374 3022 1450 3093 μέρος
1467 3022 1507 3076 διὰ
1526 3024 1556 3076 τό

196 3105 271 3160 ἐκεῖν’
293 3105 341 3159 ι’)πὸ
360 3106 403 3158 τὸν
422 3104 493 3174 ἥλιον
518 3103 640 3157 εἶναικαὶ
659 3105 705 3174 τὴν
729 3104 825 3157 ἐκείνου
849 3107 928 3177 φοράν
1059 3105 1091 3157 19
1118 3104 1155 3157 ld.
1174 3106 1296 3159 364219:
1323 3104 1390 3166 ὅλως
1408 3108 1434 3161 tl
1459 3111 1556 3176 τὰμὲν

197 3195 280 3267 βόρεια
298 3192 396 3246 τοίιτων
415 3192 540 3256 καλεῖται,
562 3193 594 3244 τὰ
613 3192 639 3245 δὲ
657 3192 735 3245 νότια.
771 3190 929 3263 προστίθεται
947 3192 972 3244 u
991 3193 1022 3244 τὰ
1041 3194 1086 3260 pta
1109 3194 1228 3265 ζιφυρυιά
1246 3197 1284 3263 'up
1303 3194 1377 3264 βορέα
1401 3195 1557 3270 (ψυχρότερα

197 3284 243 3354 γὰρ
262 3281 301 3334 διὰ
324 3281 352 3334 τὸ
377 3280 426 3333 ἀπὸ
447 3280 548 3349 δυσμῶν
572 3281 664 3346 πνεῖν),
689 3279 755 3348 νότιρ
777 3278 804 3330 δέ
827 3280 859 3331 τὰ
882 3277 1042 3350 ἀπηλιωτιιιά
1066 3277 1214 3353 (θερμότερα
1236 3283 1283 3353 γὰρ
1306 3285 1344 3351 τῷ
1363 3281 1409 3334 ἀπ’
1429 3283 1557 3356 ἀνατολῆς

197 3369 276 3435 πνεῖν)
357 3368 494 3439 θερμότερα
516 3366 541 3420 tl
560 3369 591 3420 τὰ
610 3367 658 3420 ἀπὸ
680 3370 726 3436 τῆς
749 3365 783 3420 ἕω
805 3373 859 3419 τῶν
882 3367 931 3419 ἀπὸ
950 3366 1057 3438 όυσμῆς,
1081 3365 1119 3420 ὅτι
1137 3367 1216 3420 πλείω
1239 3369 1329 3442 χρόνον
1354 3367 1403 3422 ὑπὸ
1421 3371 1465 3423 τὸν
1483 3370 1557 3440 ἥλιόν

172 3451 178 3463 ’
197 3457 248 3510 ἐστι
266 3457 298 3509 τὰ
315 3455 360 3510 ἀπ’
382 3454 518 3525 ἀνατολῆς·
542 3456 573 3507 τὰ
592 3453 614 3507 δ’
637 3455 686 3508 ἀπὸ
705 3453 800 3524 όυσμῆς
817 3453 944 3509 ἀπολείπει
962 3473 989 3507 τε
1008 3453 1100 3508 θᾶττον
1119 3457 1162 3508 καί
1180 3456 1309 3528 πλησιάζει
1326 3460 1364 3527 τῷ
1382 3456 1454 3528 τόπῳ
1473 3457 1557 3526 ddcci-

117 3584 118 3588 η
197 3563 277 3616 τερον.
313 3542 381 3597 οὸτω
401 3543 427 3596 u
445 3543 604 3611 τεταγμένων
622 3548 674 3595 τῶν
698 3543 798 3609 ἀνίμων
823 3541 899 3611 δῆλον
917 3539 955 3594 ὅτι
978 3541 1030 3611 ἅμα
1048 3549 1117 3595 πνεῖν
1139 3545 1197 3602 τοὺς
1215 3545 1260 3612 pta
1279 3543 1404 3604 1ναντίους
1422 3544 1482 3616 οὐχ’
1504 3547 1557 3600 οίόν

198 3650 225 3686 τι
244 3632 321 3699 (κατὰ
339 3631 470 3703 διάμετρον
488 3632 547 3702 γάρ·
575 3629 662 3700 ἅτερος
680 3628 723 3682 οὖν
742 3629 861 3682 παόσεται
879 3628 1062 3700 ἀποβιασθιίς),
1084 3630 1143 3689 τοὺς
1159 3631 1186 3683 δὲ
1206 3633 1241 3702 μὴ
1260 3628 1328 3684 οὕτω
1346 3633 1477 3700 αιιμένους
1495 3635 1559 3706 πρὸς

199 3720 322 3790 ἀλλήλους
341 3717 414 3772 οὐθὲν
433 3716 540 3782 auita,
565 3717 616 3770 οίον
635 3717 663 3770 τὸ
682 3715 705 3770 Ζ
723 3719 767 3769 καί
784 3714 812 3769 Δ.
849 3715 889 3769 tu
906 3721 981 3770 τοῦτο
1006 3718 1059 3786 ἅμα
1077 3719 1191 3771 πνέουσιν
1213 3717 1291 3771 ἐνίοτε
1313 3719 1451 3793 ἀμρότιροι
1469 3719 1558 3794 οὸριοι,

199 3808 239 3860 ἐπὶ
263 3808 292 3860 τὸ
316 3807 377 3860 αὐτὸ
401 3814 515 3875 σημεῖον,
540 3805 587 3858 eda
614 3806 643 3856 ἐκ
666 3808 711 3856 τοῦ
733 3804 809 3857 αὑτοῦ
832 3803 888 3856 otu
906 3812 942 3874 τῷ
965 3805 1036 3876 αὐτῷ
1058 3804 1188 3873 πνιίοματι.
1224 3807 1290 3859 κατὰ
1311 3805 1337 3859 δέ
1359 3808 1404 3865 τὰς
1426 3805 1495 3879 ῶρας
1513 3810 1560 3868 τὰς

199 3894 311 3951 ἐναντίας
329 3895 352 3946 cl
371 3893 476 3946 ἐναντίοι
494 3892 600 3961 μάλιστα
619 3894 747 3956 πνέουσιν,
771 3892 821 3945 οίον
839 3893 894 3961 περὶ
913 3892 1040 3963 ίσιγμιρίαν
1063 3893 1111 3963 τὴν
1128 3895 1173 3961 μέν
1192 3893 1292 3964 ἐαρινὴν
1310 3894 1411 3953 ιιαιιιίας
1428 3897 1472 3947 καὶ
1489 3893 1560 3955 ὅλως

1 3991 2 3998 ’
100 3986 105 3995 ’
199 3985 232 4036 τὰ
249 3983 477 4051 ἐπέοιεινατροπῇς
494 3978 605 4052 θερινῆς,
628 3982 682 4051 περὶ
701 3979 791 4049 δὲτὴν
815 3980 988 4052 μετοπωρινὴν
1007 3979 1086 4050 λίβες,
1109 3981 1164 4050 περὶ
1182 3980 1209 4033 u
1225 3982 1320 4053 τροπὰς
1337 3978 1437 4054 θερινὰς
1455 3984 1501 4050 μὲν
1520 3984 1558 4045 ζί-

201 4088 291 4142 φυρος,
315 4070 459 4140 γειμαρινὰς
477 4067 500 4120 δ’
522 4067 600 4138 εὐρος.
636 4066 791 4119 ἐπιπίπτουσι
809 4066 834 4118 ll
853 4073 904 4124 τοῖς
926 4065 1009 4125 ἀλλοις
1028 4064 1134 4136 μάλιστα
1156 4070 1199 4120 καί
1218 4067 1336 4122 παίιουσιν
1360 4069 1496 4140 ἀπαρκτίαι
1515 4073 1558 4124 aul

201 4154 320 4229 dpacatcu
341 4157 384 4208 καὶ
402 4156 529 4226 ἀργέσται·
558 4155 597 4208 διὰ
615 4155 644 4207 τὸ
663 4155 791 4224 ἐγγυτάτω
814 4155 860 4226 γὰρ
879 4154 926 4224 τὴν
950 4153 1030 4224 ὁρμὴν
1049 4154 1133 4207 αὐτῶν
1159 4155 1221 4208 εἶναι
1237 4154 1326 4208 πολλοί
1350 4173 1377 4209 τε
1400 4158 1444 4209 καί
1462 4157 1558 4230 ίσγυροί

201 4245 301 4297 πνέουσι
320 4243 426 4311 μάλιστα
444 4242 513 4296 οὗτοι

206 4450 392 4503 11οιοοο11
504 4450 681 4517 ‘lexspirans
700 4449 738 4502 H:
758 4450 861 4518 spirans
882 4449 935 4500 011
1043 4451 1117 4503 lreeia
1138 4449 1221 4502 CHl!
1329 4452 1424 4503 3aaie
1443 4455 1558 4520 argestes

204 4540 307 4589 lar-unce
324 4540 418 4605 siquam
436 4539 494 4589 add.
516 4538 580 4588 Rosa
704 4538 806 4605 spirans
826 4537 893 4587 Reae
1017 4538 1033 4589 5
1061 4553 1114 4590 nun
1132 4558 1177 4590 cm.
1199 4537 1230 4589 C:
1250 4536 1479 4607 v.adp.100216

204 4677 219 4727 6
238 4678 380 4729 thresciam
399 4678 428 4728 H
434 4695 440 4728 ι
459 4679 584 4729 nesciant
605 4677 656 4728 011
666 4662 670 4671 ’
760 4676 868 4745 argesti]
889 4679 936 4728 λι.
954 4678 1086 4749 ἀργίατουε
1106 4679 1217 4747 argestie
1236 4676 1281 4746 [=
1301 4639 1410 4746 argestl]
1431 4675 1520 4729 01111

204 4765 311 4815 therei
334 4765 386 4814 011
472 4764 602 4816 8messes
623 4762 710 4814 CHM
794 4765 892 4838 leriam
914 4763 997 4815 01111
1080 4765 1185 4816 boreum
1207 4765 1262 4816 011
1346 4765 1499 4817 diametmm
1518 4765 1558 4817 H:

205 4850 329 4903 directum
351 4851 404 4902 011
495 4850 524 4901 lt
544 4851 775 4917 generaliorumC
869 4854 899 4904 13
918 4853 990 4905 urenti
1011 4849 1051 4902 H:
1071 4852 1188 4905 uenienti
1210 4851 1264 4904 011
1358 4849 1388 4904 il
1408 4850 1469 4920 hoe]
1487 4852 1513 4904 h.
1534 4852 1561 4902 H

207 4939 254 5007 (sic
275 4949 374 5007 utroque
392 4937 455 5003 loco)
564 4937 595 4993 l'l
614 4943 716 4991 arcturo
737 4938 802 4989 Reae
