3510 5610
739 289 909 344 PRISGIANI
925 289 1008 344 LYDl

250 461 417 539 narrando,
441 462 472 526 in
496 483 587 546 quem
610 465 635 527 si
659 464 727 547 quis
750 464 912 528 immiserit
933 465 1032 548 ligans
1054 465 1210 530 hominem
1234 487 1288 529 seu
1311 465 1499 542 iumentum,
1518 477 1566 534 513
1618 540 1622 544 ⁴

249 572 449 647 supernatare
469 566 536 644 hoc,
560 567 670 650 iuquit,
694 590 754 631 nen
771 574 875 632 tamen
893 569 988 651 mergi
1005 571 1168 633 autetiam
1185 568 1355 633 discindere
1372 587 1502 650 aquam:

250 686 315 729 esse
339 675 443 731 autem
467 691 609 733 amarum
630 671 674 734 sic
696 671 799 735 laeum
823 678 853 734 et
875 671 1004 749 salsum,
1027 677 1063 735 ut
1085 671 1205 756 nullum
1230 670 1349 735 nutriat
1370 671 1503 753 piscem3

249 769 437 835 uestimenta
471 793 544 835 nero
578 774 698 851 lauare,
731 774 758 837 si
785 774 854 857 quis
888 774 1055 838 excusserit
1086 782 1256 837 umectam.
1299 773 1505 837 manifestum

222 873 354 955 5itaque
382 875 455 957 quia
480 875 602 958 salsugo
629 877 703 939 lacit
730 876 886 958 quoddam
913 898 1022 961 cerpus
1050 898 1200 955 crassum,
1233 881 1266 939 et
1291 883 1431 940 terreum
1458 882 1504 938 est

250 975 331 1057 quod
355 976 443 1040 inest.
488 987 535 1041 est
557 984 661 1042 autem
684 979 769 1042 lacus
797 978 924 1061 quidam
951 979 1031 1042 alter
1052 979 1083 1042 in
1107 979 1229 1062 regione
1251 978 1503 1042 Palaestinerum

250 1077 302 1159 qui
325 1078 437 1143 dicitur
459 1102 478 1143 a
499 1081 606 1145 multis
629 1080 827 1165 Asphaltitis,
854 1102 947 1164 quem
970 1081 1063 1144 ctiam
1087 1080 1244 1144 Mortuum
1267 1088 1381 1145 uocant
1402 1103 1498 1159 mare,
1517 1094 1567 1152 514

250 1181 339 1262 quasi
363 1181 439 1244 nihil
463 1182 626 1246 uiuificans
647 1184 680 1247 in
703 1205 749 1246 se:
779 1184 818 1247 ab
846 1203 881 1246 eo
909 1183 1048 1247 bitumen
1072 1184 1216 1247 nascitur.
1262 1190 1293 1247 et
1316 1184 1396 1248 circa
1419 1185 1544 1249 iocoso

252 1283 329 1347 alios
352 1284 467 1368 ubique
491 1293 590 1349 terrae
613 1287 713 1350 lluxus
734 1286 916 1350 naturaliter
930 1294 1003 1349 sunt
1018 1286 1092 1349 salsi
1107 1287 1271 1350 fluminum
1285 1309 1340 1351 scu
1355 1287 1501 1365 lentium,

213 1387 380 1470 tequidem
402 1408 475 1450 uero
498 1388 590 1452 calidi
612 1395 643 1451 et
665 1389 800 1452 cursilts.
845 1389 954 1452 herum
976 1389 1071 1471 igitur
1090 1390 1229 1452 emnium
1245 1411 1371 1453 causam
1386 1390 1503 1453 dixerit

250 1489 318 1571 quis
346 1491 580 1554 connaturalem
608 1497 638 1554 et
664 1491 784 1554 unitam
812 1513 866 1572 seu
893 1492 1063 1574 ingenitam
1089 1498 1233 1555 naturam
1262 1492 1353 1576 ignis:
1387 1493 1501 1557 ardens

249 1593 331 1655 enim
355 1599 436 1656 terra
459 1615 494 1658 ee
517 1593 613 1676 magis
640 1599 672 1657 et
697 1593 801 1657 minus
823 1593 925 1657 uarias
947 1594 1057 1678 recipit
1078 1596 1192 1658 formas
1213 1595 1370 1660 fusienum
1392 1617 1413 1656 a
1436 1618 1457 1658 a
1478 1618 1501 1657 a

249 1700 280 1757 et
303 1695 488 1777 quibusdam
510 1696 625 1760 talibus
648 1696 795 1780 impletur
817 1696 996 1775 uirtutibus,
1020 1718 1073 1780 per
1096 1717 1171 1780 quas
1186 1719 1286 1781 aquae
1301 1698 1419 1762 colatae
1432 1699 1501 1763 siue

249 1796 353 1860 dulces
374 1799 437 1861 sint
459 1805 633 1877 metantur,
666 1799 733 1862 siue
761 1799 856 1863 etiam
884 1820 938 1882 per
963 1820 996 1862 se
1023 1799 1267 1863 naturalitater
1291 1800 1406 1864 talibus
1429 1823 1499 1866 nas-
1513 1817 1542 1860 ου

211 1915 236 1958 ra
250 1907 363 1964 cuntur
385 1901 571 1979 fusionibus,
599 1909 630 1964 et
657 1900 809 1984 quaedam
837 1901 961 1984 quidem
989 1909 1095 1966 aeetae
1124 1902 1216 1981 fiunt,
1250 1904 1402 1986 quaedam
1425 1926 1501 1969 uero

249 2024 387 2083 amarae,
415 2010 447 2067 et
474 2004 587 2067 iterum
616 2002 696 2066 aliae
718 2004 873 2067 feruentes
895 2004 965 2088 igne
988 2011 1019 2068 et
1042 2026 1141 2068 cursu.
1186 2004 1348 2069 ethorum
1372 2006 1504 2071 historia

248 2106 342 2190 plena
365 2128 401 2170 ex
425 2106 606 2170 differentiis
629 2112 747 2170 testata
767 2105 919 2184 locorum,
946 2106 1028 2171 sicut
1050 2112 1081 2170 et
1102 2107 1156 2170 ille
1177 2113 1289 2191 puteus
1312 2108 1365 2191 qui
1388 2109 1505 2174 dieitur

248 2230 314 2272 esse
342 2209 375 2273 in
401 2209 526 2292 regione
548 2207 628 2272 Cisia
650 2208 791 2272 Persicae
822 2208 907 2272 talis:
942 2207 1025 2292 quod
1052 2230 1086 2273 eo
1114 2208 1240 2273 exhalat
1267 2210 1387 2273 uariam
1414 2212 1503 2276 eliert

248 2311 396 2396 speciem:
420 2320 467 2376 est
489 2311 572 2375 enim
588 2310 812 2375 bituminatum
829 2311 931 2375 oleum
948 2310 1030 2395 quod
1045 2317 1160 2376 uocant
1173 2312 1293 2396 νερθαν,
1315 2333 1397 2396 aqua
1411 2334 1502 2396 uere;

207 2431 235 2475 ao
248 2418 293 2481 ita
317 2421 351 2479 ut
370 2415 448 2479 tales
471 2414 645 2478 differentes
666 2414 729 2477 sint
751 2413 889 2478 haustus.

198 2582 278 2589 ——.--

150 2683 153 2690 '
198 2673 209 2725 l
233 2671 340 2724 Aristot.
359 2669 480 2724 3592162
499 2671 519 2723 τί
538 2669 562 2723 δ’
584 2670 649 2723 ἔστιν
668 2669 753 2742 ἰίιστιερ
771 2669 938 2740 μυθολογοῦσί
954 2689 1019 2729 τινες
1037 2671 1063 2723 έν
1082 2667 1234 2742 Παλαιστίνῃ
1252 2669 1357 2742 τοιαύτη
1376 2670 1451 2744 λίμνη
1471 2673 1507 2732 εἰς
1523 2674 1556 2744 ἣν

196 2760 238 2812 ἐάν
256 2777 294 2816 τις
306 2756 404 2828 έμβάλη
422 2757 543 2826 συνδήσας
561 2756 696 2829 ἄνθρωπον
714 2757 874 2828 ἠὺποζὺγιον
893 2758 1002 2811 ἐπιπλεῖν
1020 2759 1063 2810 καί
1082 2757 1110 2810 cla
1127 2756 1294 2811 καταδὺτσθαι
1313 2759 1379 2811 κατὰ
1396 2764 1442 2812 τοῦ
1454 2758 1555 2825 ὕδατος,

195 2844 329 2919 μαρτίιριον
353 2845 382 2898 ἂν
406 2845 444 2915 εἴη
467 2853 518 2904 τοῖς
541 2848 693 2916 εἰρημένοις·
722 2844 819 2916 λέγουσι
837 2846 883 2918 γάρ
904 2847 995 2914 πικρὰν
1018 2844 1099 2904 οὕτως
1117 2846 1179 2898 εἰναι
1201 2846 1248 2915 τὴν
1267 2845 1357 2916 λίμνην
1380 2848 1424 2899 καί
1441 2847 1556 2918 ἁλμυρὰν

195 2934 260 2986 ὥστε
280 2931 377 3003 μηθένα
401 2932 474 3002 ίγθίιν
497 2932 646 3002 ἐγγίνεσθαι,
670 2935 702 2986 τά
724 2931 748 2985 δ’
770 2934 855 3002 ἱμάτια
879 2931 992 3003 ριἰτιτειν,
1016 2933 1058 2986 ἐάν
1076 2952 1114 2991 τις
1135 2932 1244 3003 διασιίση
1267 2933 1361 3004 βρέξας
1397 2933 1449 2987 ἔστι
1466 2935 1494 2988 tt
1513 2937 1558 2990 καί

195 3024 347 3075 τὰτοιαῦτα
365 3027 455 3091 σημεῖα
473 3023 554 3073 πάντα
573 3028 625 3074 τῶν
644 3021 796 3090 εἰρημένων,
819 3018 857 3072 ὅτι
874 3020 903 3072 τὸ
921 3019 1031 3089 ἁλμυρὸν
1050 3027 1116 3072 ποιεῖ
1133 3021 1206 3087 σῶμά
1224 3038 1261 3085 τι,
1284 3022 1327 3073 καί
1345 3021 1437 3091 γιιῑιδές
1455 3024 1509 3076 έστι
1525 3023 1557 3077 τὸ

196 3111 335 3183 ἐνυπάρχον
471 3109 486 3161 9
514 3109 551 3160 ld.
569 3094 678 3161 359ῑι8έ
701 3108 746 3160 εἰσί
769 3107 794 3160 δὲ
817 3106 946 3177 πολλαχοῦ
969 3107 1012 3159 καί
1037 3111 1127 3177 κρῆναι
1150 3109 1193 3160 καί
1216 3107 1327 3177 ῥεύματα
1349 3115 1472 3177 ποταμῶν
1493 3129 1557 3162 παν-

198 3197 321 3254 τοδαποὺς
343 3195 433 3266 έγοντα
456 3195 564 3267 χυμοὺς,
589 3195 626 3247 ὧν
649 3197 752 3248 πάντων
776 3196 898 3248 αἰτιατέον
920 3195 967 3265 τὴν
989 3195 1091 3246 ἐνοῦσαν
1114 3193 1131 3265 ἢ
1153 3196 1313 3266 ἐγγινομένην
1335 3195 1438 3265 διἰναμιν
1462 3197 1555 3267 τυρός·

198 3284 310 3354 καομένη
334 3284 379 3355 γὰρ
403 3284 419 3354 ἡ
443 3290 475 3354 γῆ
497 3291 535 3353 τῷ
560 3283 656 3352 μᾶλλον
679 3285 721 3335 καί
743 3283 819 3353 ἧττον
842 3281 1001 3339 παντοδαπάς
1023 3281 1145 3351 λαμβάνει
1168 3285 1266 3356 μορφάς
1287 3285 1330 3336 καί
1349 3284 1426 3357 χρόας
1447 3292 1555 3358 χυμῶν·

197 3371 347 3444 στυπτηρίας
370 3373 416 3441 γάρ
435 3373 478 3424 καί
497 3372 581 3430 κονίας
604 3372 718 3423 καὶτῶν
741 3369 826 3422 άλλων
849 3368 1040 3423 τῶντοιούτων
1063 3370 1155 3439 γίνεται
1173 3370 1271 3441 πλήρης
1289 3369 1435 3439 δυνάμεων,
1461 3371 1496 3425 δι’
1517 3372 1556 3425 ὧν

195 3461 226 3512 τά
239 3459 367 3529 ἠθοΰμενα
386 3457 464 3511 ὕδατα
482 3458 542 3511 ὄντα
561 3458 655 3529 γλυκέα
667 3455 826 3527 μεταβάλλει,
844 3457 936 3509 καὶτὰ
955 3458 1000 3525 μὲν
1019 3455 1078 3516 ὀξέα
1094 3459 1187 3527 γίνεται
1205 3458 1319 3529 καθάπερ
1337 3459 1364 3510 ἐν
1382 3477 1413 3529 τη
1428 3456 1555 3532 Σικανικῇ

195 3551 240 3617 τῆς
259 3545 372 3606 Σικελίας
469 3548 519 3600 ἔστι
542 3547 568 3600 δὲ
587 3547 629 3598 καί
648 3546 704 3615 περὶ
721 3543 821 3614 Αΰγκον
845 3545 926 3616 κρήνη
949 3562 987 3601 τις
1009 3542 1098 3603 ὕδατος
1117 3543 1198 3604 ὀξέος·
1226 3546 1280 3617 περί
1304 3545 1329 3598 δὲ
1352 3547 1399 3616 τὴν
1420 3543 1556 3616 Σκυθικὴν

195 3637 284 3703 πικρά·
312 3634 340 3686 τὸ
360 3634 384 3686 δ’
404 3635 525 3707 ἀπορρέον
544 3633 622 3702 αὐτῆς
645 3632 689 3684 τὸν
709 3631 820 3700 ποταμὸν
843 3632 877 3690 εἰς
895 3631 922 3683 ὃν
940 3631 1063 3702 εἰσβάλλει
1084 3640 1151 3685 ποιεῖ
1167 3634 1257 3702 πικρὸν
1276 3631 1334 3685 ὅλον
1459 3632 1492 3686 1’ί
1524 3635 1558 3688 τί.

196 3722 318 3774 Herodot.
337 3723 381 3775 Vl.
393 3724 454 3775 lle:
473 3723 596 3775 Posiden.
615 3722 659 3773 rel.
671 3737 703 3799 ¹p.
715 3719 765 3772 115
783 3719 863 3783 Bake,
881 3718 987 3771 Mueller
1005 3720 1033 3772 F.
1044 3721 1076 3773 H.
1088 3720 1146 3773 G.3
1165 3738 1191 3788 p.
1202 3721 1252 3774 276

196 3875 368 3881 ---...-
373 3873 450 3881 ----·
457 3873 596 3880 -ῳ

196 3964 211 4016 2
241 3956 421 4034 supernatare]
440 3982 479 4017 -re
499 3964 533 4016 0²
552 3966 575 4015 in
595 3981 646 4014 raa.
753 3961 839 4028 inquit
861 3960 897 4010 62
915 3962 939 4011 in
957 3980 1009 4012 ras.
1113 3963 1130 4014 4
1159 3965 1216 4019 sort.
1235 3963 1391 4015 uestimento
1412 3961 1447 4013 0¹

197 4106 328 4157 excusarit
349 4106 382 4156 G¹
490 4104 588 4156 ealter
607 4105 664 4154 edd.
687 4102 722 4154 0²
741 4104 764 4151 in
783 4120 860 4168 rnary.
966 4055 1198 4171 palestinorumo
1304 4101 1477 4155 'lasialtistis
1498 4108 1521 4153 (ι’

199 4193 229 4244 1⁵2
249 4195 361 4242 loctunam
382 4192 491 4242 indicavi
580 4191 611 4242 13
630 4191 751 4258 impletur
769 4190 831 4238 coni.
850 4189 976 4241 Daedner:
997 4192 1137 4259 implentur
1154 4189 1225 4240 codd.
1317 4190 1348 4241 14
1366 4193 1510 4242 nascantur
1528 4189 1559 4239 H

200 4281 228 4331 ll
250 4278 415 4347 tliilerentiis]
431 4276 571 4347 ιδιαφόρων
588 4281 670 4346 petius
690 4295 760 4342 ηιιαιιι
779 4274 906 4348 διαφορῶν
926 4277 1030 4327 uoluisse
1049 4278 1144 4327 uidetur
1162 4274 1334 4328 Prisciaaua'.
1354 4276 1470 4328 Duebnar

199 4368 230 4419 18
249 4367 335 4420 exalat
356 4372 377 4416 (ι’
384 4367 390 4398 ¹
497 4366 527 4417 19
547 4369 613 4415 locas
633 4366 762 4425 rnaerniseate
780 4376 907 4428 corruptas
927 4363 982 4431 [aa
1000 4365 1131 4415 Posidonio
1148 4382 1195 4413 aaa
1213 4364 1305 4414 ducena
1325 4363 1482 4414 Priscioaaa:
1503 4363 1557 4416 ἔστι

196 4453 269 4506 δὲτὸ
288 4455 333 4522 μὲν
352 4451 514 4523 ἀστραλτῶδτς
536 4451 618 4504 ἔλαιον
638 4449 650 4501 θ
670 4449 775 4501 καλοῦσι
798 4449 908 4519 νάφθαν,
931 4451 960 4503 τὸ
980 4449 1005 4502 δὲ
1024 4448 1107 4518 ὕδωρ,
1130 4448 1196 4502 ὥστε
1214 4463 1273 4512 etc,
1297 4463 1322 4503 ut
1341 4453 1453 4502 υίάοιιιυτ
1472 4451 1498 4501 ia
1516 4452 1556 4501 ίιίε

196 4543 284 4601 uerbis,
302 4541 347 4598 τὰς
366 4542 411 4608 μέν
429 4540 490 4592 εἰναι
503 4538 571 4592 θείου
584 4538 659 4609 ὑγροῦ
678 4538 759 4603 (apud
775 4537 938 4603 Stratonos),
957 4538 1120 4589 transilivisse
1139 4535 1216 4602 θείου,
1235 4551 1276 4589 aue
1295 4537 1343 4589 alio
1362 4538 1430 4588 οιοιίο
1448 4538 1474 4587 in
1492 4539 1557 4590 Ιιιιοο

198 4644 301 4678 errorem
320 4625 429 4679 incidis.
449 4626 575 4694 Duabncr]
675 4619 813 4671 ΝθΦθῦΝ
836 4627 858 4675 a
947 4640 1008 4676 uere
1029 4625 1076 4675 0¹:
1096 4640 1198 4692 queque
1220 4624 1255 4675 ίιί2
1343 4624 1378 4678 ⁸20
1395 4626 1434 4677 ita
1451 4628 1483 4677 ut
1503 4625 1555 4677 8¹:

198 4716 284 4782 itaque
305 4714 340 4766 θ’
358 4714 431 4784 (-que
449 4715 473 4764 in
492 4715 554 4781 raa.)
