3510 5610
231 333 272 397 98
772 329 944 390 PRISCIANI
962 334 1042 389 nrm

285 512 412 587 possunt
434 529 536 591 agere3
559 508 639 572 sicut
654 504 805 592 quaedam
827 509 1008 573 animalium
1029 509 1222 573 comedentis
1244 509 1322 573 tales
1344 530 1453 574 carnos
1475 520 1532 574 aut

283 606 392 672 herbas
411 611 557 675 continuo
580 611 815 689 interimuntur,
839 619 870 676 et
892 633 983 675 omne
1005 611 1137 675 incisum
1160 610 1200 674 ab
1223 611 1288 676 oleo
1312 614 1530 697 corrumpitur,

283 715 313 772 ot
336 711 471 775 nultores
498 713 537 776 ab
560 720 788 796 unguentorum
810 713 917 793 odore,
943 713 1080 777 scarabei
1103 733 1224 796 qnoque
1247 735 1266 777 a
1287 715 1377 794 rosis,
1405 736 1532 800 serpen·

179 822 183 827 ’
281 818 388 895 tesqua
415 823 446 878 et
473 816 599 880 omuino
632 817 706 880 haec
740 838 794 901 per
821 817 925 880 omnia
958 815 997 879 ab
1024 815 1115 879 odore
1142 805 1336 880 cerninnrum
1364 839 1531 884 cornuum:

254 923 441 1000 aproptarea
469 919 562 982 etiarn
596 919 767 983 redolentia
792 920 923 1002 lugiunt.
973 926 1003 982 et
1030 919 1154 982 omnino
1188 919 1214 982 si
1245 920 1313 1002 quis
1339 921 1533 1004 ingrediatur
1579 990 1582 994 ,

280 1018 327 1081 his
350 1040 404 1103 per
426 1029 537 1104 partes,
560 1022 659 1085 multa
674 1021 829 1085 inuenerit
852 1021 1044 1105 quo'rnndam
1064 1020 1190 1104 quidem
1209 1021 1367 1102 salutaria,
1391 1046 1528 1108 quorun-

282 1120 353 1184 dam
377 1143 449 1187 nero
472 1124 593 1201 nonina,
616 1133 648 1188 et
669 1126 764 1188 talem
787 1124 942 1207 quandam
965 1123 1004 1187 ad
1026 1144 1058 1187 se
1081 1123 1215 1187 inuicem
1237 1124 1531 1192 habitudinem‘ha·

282 1224 386 1288 bentia
408 1234 439 1289 et
462 1226 729 1291 connaturalitatis
751 1235 782 1290 et
803 1228 905 1309 lngae3
940 1227 1087 1310 qnoniam
1110 1234 1142 1290 et
1164 1227 1342 1291 mortalium
1365 1241 1396 1293 et
1418 1232 1530 1313 germi-

280 1346 354 1390 num
378 1336 409 1392 et
423 1329 589 1394 herbarum
605 1336 636 1394 et
650 1330 789 1419 lapidum
812 1329 964 1414 quaedam
984 1329 1108 1412 quidem
1131 1329 1320 1393 animalibus
1342 1332 1529 1414 quibusdam

241 1444 267 1487 ro
280 1431 407 1511 nucina,
434 1432 594 1515 prodentia
616 1453 688 1496 uero
712 1431 795 1511 aliis,
823 1438 854 1495 et
875 1432 1035 1521 hominnm
1058 1451 1177 1496 morsus
1198 1432 1289 1496 multi
1317 1443 1391 1498 snut
1413 1436 1529 1499 nociui.

278 1534 450 1616 superfluae
476 1535 569 1617 igitur
595 1545 642 1599 est
663 1535 891 1619 approbationis
919 1534 1028 1598 horum
1052 1534 1143 1598 nnius
1175 1535 1323 1618 cuiusque
1346 1537 1529 1602 recordatio.

279 1644 310 1700 et
336 1638 488 1720 quaedam
515 1638 638 1720 quidem
666 1659 721 1722 per
746 1659 882 1701 morsum
909 1658 1063 1701 uenenum
1091 1637 1245 1716 inserunt,
1273 1639 1427 1724 quaedam
1454 1662 1529 1705 uero
1572 1682 1579 1695 ·

279 1760 333 1822 per
359 1742 558 1825 punctionem
586 1739 732 1804 uelociter
758 1747 812 1804 ant
839 1760 893 1823 per
918 1739 1015 1802 solam
1042 1740 1242 1823 exputionem
1269 1748 1324 1805 aut
1351 1743 1445 1806 etiam
1474 1764 1530 1828 per

279 1842 432 1924 quandam
459 1844 611 1908 occultam
639 1842 819 1907 relationem
847 1848 878 1905 et
904 1842 1053 1905 uirtutem
1079 1863 1133 1905 seu
1158 1842 1302 1926 spiritum
1315 1832 1475 1910 'uocemue
1498 1857 1529 1912 et

239 1959 264 2002 15
278 1952 446 2028 aspectum,
468 1947 548 2011 sicut
570 1946 603 2010 in
623 1945 807 2028 quibusdam
829 1945 899 2008 aliis
921 1944 1108 2008 animalibus
1130 1953 1161 2008 et
1179 1945 1404 2011 fascinantibus
1426 1949 1526 2013 homi·

277 2048 368 2112 nibus
394 2047 516 2117 accidit.
564 2055 595 2112 et
621 2049 695 2132 quia
721 2048 872 2131 quaedam
899 2046 1023 2129 quidem
1052 2068 1089 2110 ex
1122 2054 1234 2111 natura
1259 2056 1333 2113 sunt
1359 2071 1527 2131 neaeman,

277 2150 428 2234 quaedam
455 2171 528 2215 uero
555 2173 593 2214 ex
615 2150 831 2229 translatione,
860 2156 891 2212 et
913 2150 1065 2232 quaedam
1094 2149 1218 2234 quidem
1242 2151 1457 2235 praecipitium
1479 2153 1526 2217 in·

277 2252 394 2333 ierunt,
421 2254 573 2337 quaedam
600 2253 789 2338 passionem,
817 2250 969 2335 quaedam
998 2273 1070 2316 uero
1094 2253 1281 2336 periculum3
1316 2262 1348 2318 et
1373 2256 1527 2338 quaedam

277 2368 480 2440 quaecunque
513 2363 716 2422 consuescunt
748 2356 846 2419 facere
881 2355 941 2419 cito
974 2356 1092 2435 lerunt,
1126 2358 1277 2440 quaedam
1312 2378 1385 2421 uero
1419 2367 1527 2443 postea

236 2478 263 2522 ao
276 2463 433 2545 magisque
460 2467 491 2525 et
517 2460 633 2537 minus3
668 2457 764 2522 talem
790 2458 896 2541 itaquo
922 2458 1108 2542 snpertlnam
1134 2478 1254 2522 moram
1275 2459 1469 2524 dimittentes
1496 2470 1528 2525 et

276 2585 384 2629 causas
406 2563 542 2627 dicentes
568 2562 632 2626 ianr
659 2561 768 2625 horum
792 2561 1016 2643 corrumpentis
1043 2568 1075 2624 et
1100 2560 1139 2626 ad
1161 2560 1279 2645 aliquid
1305 2562 1432 2626 serentis
1453 2563 1526 2626 sub·

275 2667 410 2731 stantiae
437 2672 469 2730 et
494 2666 655 2745 materiae,
684 2663 716 2726 in
743 2662 896 2727 decimum
923 2661 1176 2727 transcendamus
1203 2663 1375 2748 capitulum
1401 2665 1444 2729 sic
1473 2666 1525 2730 ha·

277 2770 365 2833 bens:
389 2805 429 2814 -
1537 2770 1540 2775 ’

818 3056 912 3146 ΟᾼΡ.
936 3055 977 3120 Χ.

791 3209 911 3275 lt'tarlm
931 3213 1016 3275 deest.
1096 3286 1101 3294 ,

360 3422 399 3486 Et
424 3422 481 3485 hoc
509 3440 644 3503 quoqne:
677 3441 714 3483 ex
742 3440 802 3511 quo
821 3419 955 3503 ¹spiritus
982 3427 1013 3483 et
1036 3420 1118 3483 unde
1145 3419 1210 3482 eius
1232 3428 1346 3498 motus,
1373 3428 1405 3484 et
1431 3442 1528 3505 quare

276 3546 401 3610 corpore
429 3532 460 3588 et
487 3522 637 3607 principio
665 3522 731 3585 eius
765 3529 795 3585 et
824 3522 885 3586 line
911 3544 972 3586 non
1000 3529 1168 3607 apparente
1195 3522 1373 3604 magnitudo
1401 3524 1529 3588 uirtutis

276 3630 341 3694 eins
357 3627 522 3691 manifesta
536 3623 601 3689 est?
624 3625 771 3707 quoniam
787 3625 870 3688 enirn
889 3624 1103 3710 magnitudine
1125 3624 1251 3689 uirtutis
1265 3646 1339 3689 snae
1355 3627 1529 3710 corporalia

467 3815 621 3824 -.-..-—-—-

222 3942 238 3994 2
257 3942 367 3994 Aristot.
386 3939 507 3992 6051219:
528 3937 608 3988 πάντα
626 3935 651 3987 n
670 3936 701 3987 τὰ
720 3935 812 4003 ἔντομα
831 3933 984 4004 ἀποθνήσκει
1002 3933 1147 4003 ἐλαιοΰμινα
1167 3935 1211 4000 (ci.
1230 3935 1308 3988 Rosei
1328 3936 1436 3989 Aristot.
1456 3939 1582 4009 pseudep.

194 4012 210 4051 ²¹*
221 4044 248 4096 p.
261 4027 325 4093 230)
442 4025 458 4077 3
486 4025 595 4076 Aristot.
613 4021 734 4075 manaa:
763 4021 860 4090 λέγεται
878 4021 921 4074 καὶ
939 4021 997 4079 τοὺς
1014 4025 1094 4091 γῦπας
1113 4020 1161 4074 ὑπὸ
1179 4025 1225 4092 τῆς
1242 4028 1296 4073 τῶν
1315 4021 1400 4094 pipare
1420 4023 1501 4097 ὀσμῆς
1520 4028 1582 4080 ἀπο-

221 4113 347 4184 θνήσκειν,
367 4114 409 4166 ἐάν
427 4110 566 4168 recobreire
583 4111 656 4181 χρίσῃ
675 4108 691 4180 ἡ
707 4109 743 4179 dqi
761 4128 785 4161 τι
799 4111 979 4181 μεμυρισμένον
998 4115 1092 4179 φαγεῖν.
1119 4107 1242 4167 ὡσαὺτως
1260 4108 1287 4162 δὲ
1305 4111 1348 4163 καὶ
1364 4111 1423 4170 τοὺς
1439 4112 1582 4186 κανθάρους

222 4202 271 4255 ὑπὸ
289 4206 335 4271 τῆς
352 4206 404 4252 τῶν
423 4198 503 4269 ῥόδων
522 4198 602 4266 ὀσμῆς
620 4197 664 4264 (ct.
684 4198 760 4249 Rosci
780 4197 887 4248 Aristot.
907 4197 1030 4265 pseudep.
1050 4213 1074 4265 p.
1085 4196 1148 4263 351)
1244 4196 1311 4251 bct.
1331 4198 1439 4253 Aristot.
1458 4199 1583 4253 asanaa:

222 4292 265 4342 sal
284 4287 399 4357 ἑλαφείου
417 4288 522 4356 κέρατος
540 4283 702 4353 θυμιωμένου
720 4285 751 4336 τὰ
770 4282 872 4336 πλεῖστα
890 4282 976 4353 ped-ger
994 4290 1046 4336 τῶν
1063 4282 1194 4337 rarobacco·

223 4580 238 4631 2
259 4581 442 4633 interimuntur
461 4580 500 4631 H:
518 4580 674 4632 interimunt
694 4578 748 4629 GM
852 4580 868 4631 3
889 4580 1006 4633 uultures
1025 4580 1105 4632 Rosa:
1124 4585 1238 4633 tumores
1259 4578 1342 4631 OHM
1444 4582 1523 4636 odore
1542 4582 1582 4639 H:

176 4686 183 4701 ·
222 4667 312 4720 ordine
334 4666 384 4717 ΟΜ
489 4667 605 4719 scarabei
624 4664 705 4716 Rosa:
725 4667 825 4719 scabies
846 4668 930 4720 GHM
1032 4671 1049 4722 8
1077 4676 1103 4724 et
1121 4682 1176 4721 aare
1195 4670 1338 4736 germinum
1358 4687 1403 4719 orn.
1424 4668 1480 4719 ΟΜ

225 4756 258 4807 10
277 4754 415 4822 prudentia
436 4754 489 4803 CM
597 4754 626 4804 12
645 4769 707 4806 uero
726 4774 770 4806 om.
791 4756 821 4805 H
926 4757 957 4809 15
975 4764 1001 4809 et
1019 4777 1064 4809 om.
1083 4757 1114 4807 H
1219 4755 1249 4806 17
1269 4754 1386 4824 quidem]
1405 4770 1467 4807 uero
1486 4755 1518 4806 H

222 4841 252 4892 'll
280 4844 329 4893 lam
349 4861 393 4892 om.
414 4840 442 4891 Il
554 4840 586 4892 ’22
611 4843 709 4894 habens
728 4845 765 4895 Sit
784 4845 843 4894 ordo
863 4847 887 4894 iu
908 4845 964 4895 CM
1077 4843 1110 4895 24
1134 4843 1218 4894 titulus
1236 4844 1294 4894 add.
1312 4845 1336 4893 r'rr
1354 4842 1385 4892 H
1400 4843 1439 4895 Ex
1457 4859 1509 4912 quo
1528 4847 1582 4912 spl-

222 4931 286 4981 ritns
305 4934 330 4980 et
349 4928 417 4981 nude
436 4929 492 4981 eius
511 4935 595 4980 motus
707 4930 739 4981 ab
763 4951 784 4982 v.
803 4930 882 4982 Rosci
899 4933 993 4983 Anecd.
1015 4931 1060 4983 Gr.
1084 4933 1092 4982 l
1111 4931 1255 5000 poa-58
1361 4930 1392 4982 ‘27
1417 4944 1472 4982 uon
1490 4950 1537 4983 orn.
1557 4931 1588 4980 Η
