3510 5610
195 306 235 371 22
737 309 909 364 PRISGIANI
925 309 1008 364 LYDI

250 479 355 565 μένην
378 483 533 568 ἑκάστης
558 484 614 545 καὶ
640 487 699 565 τῆς
721 483 856 567 ἀργίας·
891 489 952 568 τῆς
973 484 1035 568 γάρ
1062 481 1172 567 αθτῖης
1199 482 1373 545 τάναντία.
1417 483 1437 565 ἡ
1461 482 1495 545 δὲ

251 586 331 666 κοινὴ
359 584 496 669 αἴσθησις
523 585 589 648 οὔτε
616 587 635 668 ἡ
663 585 735 669 αὐτὴ
764 591 825 654 ταῖς
851 586 924 649 κατὰ
953 585 1039 670 μέρος
1065 583 1132 649 οὔτε
1158 586 1253 669 πάντη
1281 583 1374 668 ἑτέρα.
1419 585 1496 648 κατά

248 686 302 770 γὰρ
329 688 381 770 τὴν
409 693 509 751 πασῶν
538 689 697 772 συναίρεσιν
724 690 772 751 καὶ
800 690 852 772 τὴν
879 689 920 757 εἰς
945 687 975 751 ἓν
1003 688 1156 774 ἀμέριστον
1179 687 1414 772 ἀποκορόφωσιν·
1449 686 1495 750 διδ

251 790 298 851 καὶ
321 790 430 873 ἑκάστη
454 815 515 859 πως
539 791 764 874 συναισθήσεται
789 791 833 853 ότι
860 792 1037 869 αἰσθάνεται,
1067 791 1124 876 οὐχ
1145 788 1166 876 ᾗ
1190 789 1357 873 μεμέρισται
1379 786 1444 851 ἀλλ’
1473 784 1494 871 ᾖ

222 896 392 974 εσυνῆπται
418 896 455 976 τῇ
481 898 542 977 μιᾷ.
587 891 643 976 ἤδη
671 894 724 977 γὰρ
746 899 893 978 χωριστης
920 893 994 956 ἐστιν
1022 894 1080 956 ἀπὸ
1104 894 1248 976 σωμάτων
1275 893 1425 974 δυνάμεως
1454 888 1497 957 είς

250 995 358 1077 ἑαυτὴν
385 995 609 1079 ἐπιστρέφεσθαι
635 996 683 1058 καὶ
712 996 816 1079 ἑαυτὴν
843 997 1004 1080 γνωρίζειν,
1037 993 1306 1079 σωματοειδεστὲρα
1331 994 1496 1075 δὲμᾶλλον

251 1097 359 1182 ἑκάστη
387 1099 461 1160 καθδ
485 1097 667 1182 μεμέρισται,
695 1098 742 1160 ἐπὶ
765 1100 797 1162 δὲ
818 1101 851 1162 τδ
879 1099 969 1183 χωρὶς
991 1097 1081 1160 ἄνεισι
1109 1101 1218 1177 μᾶλλον
1246 1098 1320 1161 κατὰ
1344 1098 1397 1180 τὴν
1424 1094 1498 1177 πρός

250 1200 301 1268 τάς
323 1199 412 1268 ἀλλας
434 1200 586 1283 ἀμέριστον
602 1200 713 1264 ἕνωσιν.
749 1205 796 1266 καὶ
818 1203 871 1287 γάρ
894 1201 967 1283 αὕτη
990 1202 1009 1282 ἡ
1030 1199 1184 1284 ἀμέριστος
1206 1200 1308 1270 ένωσις
1329 1204 1390 1268 τοῖς
1404 1197 1498 1283 χωρὶς

251 1306 309 1363 τῶν
332 1304 477 1386 σωμάτων
500 1305 639 1387 προσήκει
654 1304 767 1370 εἴδεσιν.
805 1306 831 1367 εί
854 1305 896 1380 δέ,
919 1306 960 1371 ῶς
975 1303 1061 1371 αὐτὸς
1084 1305 1180 1372 καλῶς
1200 1304 1283 1377 ἀξιοῖ,
1306 1308 1367 1386 τῖης
1389 1300 1498 1382 αὐτῆς

212 1422 238 1463 ιιι
251 1405 415 1468 τάναντία
437 1406 581 1489 κρίνειν,
609 1410 655 1471 καὶ
678 1409 725 1472 διὰ
747 1412 831 1471 τοῦτο
854 1408 901 1470 καὶ
925 1410 976 1492 τὴν
998 1409 1137 1493 ἀργίαν,
1164 1405 1221 1475 ἕξει
1244 1407 1295 1490 μέν
1318 1407 1365 1468 καὶ
1387 1404 1497 1483 ἑκάστη

251 1511 284 1571 τὸ
306 1506 448 1592 χωριστόν
464 1532 526 1577 πως
541 1509 599 1572 ἀπὸ
615 1517 671 1572 τῶν
695 1510 807 1572 οἰκείων
824 1512 952 1594 ὀργάνων
975 1549 1015 1557 -
1038 1510 1072 1574 οὐ
1094 1510 1147 1595 γάρ
1163 1509 1197 1572 ἀν
1221 1508 1264 1571 ότι
1280 1507 1383 1574 σκότος
1403 1502 1499 1588 η’σθά·

252 1635 315 1673 νετο
338 1612 356 1693 ί,
381 1608 444 1693 όψις
469 1609 472 1695 θ
496 1616 539 1697 τῷ
565 1614 604 1696 μὴ
629 1615 752 1697 πάσχειν
775 1614 807 1676 τὸ
830 1613 1034 1698 αἰσθητήριον·
1064 1613 1187 1697 ἐνεργεῖν
1210 1612 1262 1696 γάρ
1286 1609 1363 1674 ἔοικε
1385 1611 1431 1672 καὶ
1457 1608 1497 1691 μὴ
1512 1621 1556 1666 ‘284

253 1717 416 1797 πάσχοντος
438 1752 478 1760 -
503 1714 641 1797 μειζόνως
663 1717 729 1799 δὲη
753 1718 833 1800 κοινὴ
850 1717 898 1779 καὶ
919 1717 970 1786 τὰς
985 1715 1080 1779 αὐτῶν
1099 1720 1156 1777 τῶν
1172 1716 1340 1797 αἰσθήσεων
1362 1712 1499 1796 κρίνουσα

255 1818 362 1900 ἀργίας.
449 1817 501 1880 Διδ
517 1819 564 1880 καὶ
580 1821 599 1900 ἡ
615 1820 696 1902 κοινὴ
719 1816 782 1882 ἀλλ’
803 1819 859 1904 οὐχ
875 1821 982 1903 ἑκάστη
1005 1819 1113 1902 ἑαυτῆς
1135 1818 1358 1899 συναισθήσεται
1372 1815 1421 1877 καὶ
1442 1819 1496 1897 τῖγς
1513 1828 1554 1886 48

217 1937 242 1979 ιι»
256 1919 364 1988 οἰκείας
387 1920 537 2004 ἐνεργείας.
582 1922 608 1983 εἰ
631 1923 682 2004 μὲν
712 1922 764 2005 γάρ
791 1927 843 2005 τῆς
866 1922 1022 2005 ἐνεργείας,
1050 1921 1097 1983 καὶ
1121 1925 1173 2004 τῆς
1199 1920 1311 2003 ἀργίας·
1344 1918 1370 1981 τί
1392 1918 1424 1980 δὲ
1447 1923 1500 2001 τῆς

254 2023 361 2107 ἀργίας,
385 2023 447 2105 άμα
469 2047 499 2085 τε
521 2022 555 2086 ἀν
579 2024 679 2108 ἀργοίη
705 2025 753 2086 καὶ
776 2025 902 2108 ἐνεργοίη
926 2028 966 2093 ὡς
989 2021 1247 2105 συναισθανομένη.
1292 2020 1396 2083 οὐκοῦν
1418 2023 1502 2105 ἀργεῖ

255 2127 306 2208 μὲν
330 2129 371 2193 ῶς
393 2126 511 2210 μεριστὴ
534 2127 582 2188 καὶ
605 2125 671 2189 καθ’
701 2128 817 2210 ἑαυτήν,
841 2127 950 2209 ἐνεργεῖ
970 2127 1002 2188 δὲ
1025 2127 1072 2189 καὶ
1095 2126 1170 2187 καθδ
1193 2124 1330 2208 ἐξῄρηται
1351 2129 1405 2207 τῆς
1427 2124 1500 2191 ἰδίας

254 2229 396 2311 ἐνεργείας
417 2251 448 2290 τε
470 2230 518 2290 καί
541 2230 648 2313 ἀργίας.
683 2230 758 2292 ὥστε
781 2229 854 2291 κατὰ
876 2229 928 2310 τὴν
950 2229 1057 2311 κοινήν,
1082 2225 1149 2290 καθ’
1171 2228 1206 2310 ἣν
1229 2227 1277 2289 καὶ
1300 2228 1418 2310 ἑκάστη,
1442 2225 1500 2310 οὐχ

256 2335 296 2399 ῶς
319 2331 427 2413 ἑκάστη
450 2330 518 2393 οὐδὲ
540 2335 580 2399 ῶς
603 2331 790 2415 διηρημέναι,
813 2330 877 2394 ἀλλ’
905 2334 946 2399 ῶς
967 2331 1113 2414 ἡνωμέναι
1140 2329 1214 2392 κατά
1236 2331 1287 2414 τὴν
1311 2330 1376 2413 μίαν
1399 2334 1501 2391 πασῶν

214 2450 241 2492 ‘20
255 2432 368 2509 ἕνωσιν,
395 2434 430 2516 ἧς
453 2434 557 2496 καὶτὰ
580 2440 680 2497 πασῶν
704 2440 760 2495 τῶν
783 2434 950 2517 αἰσθήσεων
972 2434 1100 2516 αἰσθητά
1122 2434 1224 2517 κρίνειν
1246 2430 1328 2515 ἔργον
1349 2433 1379 2494 ἐν
1402 2430 1500 2514 ταύτιγῑ

255 2539 302 2600 καὶ
325 2536 494 2619 ἀδιαιρέτως
515 2537 588 2599 κατὰ
611 2537 676 2604 τοὺς
698 2535 853 2620 διαφόρους
875 2536 1046 2621 ἐνεργούσης
1067 2535 1177 2618 λόγους.
1215 2536 1259 2597 διὸ
1283 2534 1337 2596 καὶ
1360 2534 1501 2618 ἀριθμῷ

258 2640 317 2723 μὲν
339 2639 374 2701 ἓν
396 2641 434 2702 τὸ
457 2645 572 2722 κρῖνον
596 2641 651 2702 καὶ
674 2640 887 2722 ἀδιαίρετον,
915 2644 963 2724 τῷ
987 2640 1023 2702 δὲ
1045 2638 1137 2701 εἶναι
1160 2635 1351 2722 διαιρετόν,
1381 2630 1401 2720 ᾖ
1427 2638 1503 2700 κατά

256 2741 409 2826 διαφόρους
431 2743 540 2825 ἐνεργεῖ
561 2742 673 2824 λόγους.

335 2841 371 2907 Ἡ
394 2845 426 2907 δέ
448 2847 531 2930 φωνὴ
555 2847 738 2928 συμφωνία
766 2843 877 2927 εἴρηται
903 2844 980 2928 παρὰ
1010 2848 1052 2927 τιγῖ
1072 2842 1280 2928 Ἀριστοτέλει,
1309 2844 1409 2926 ἐπειδὴ
1433 2844 1496 2906 κατ’
1522 2858 1562 2914 49

217 2964 243 3006 ετ
257 2948 399 3029 ἐνέργειάν
422 2947 497 3009 ἐστιν
524 2948 650 3032 αἰσθητὴ
680 2949 747 3012 όταν
770 2947 923 3030 ἀκούηται·
958 2947 1093 3009 ἀκούεται
1119 2947 1152 3008 δέ
1175 2945 1242 3009 όταν
1270 2946 1300 3008 ἓν
1322 2945 1503 3029 γένωνταιὲ,

257 3052 341 3134 φωνὴ
375 3050 422 3112 καὶ
453 3051 472 3132 ἡ
501 3050 575 3131 ἀκοὴ
609 3052 839 3133 συρφωνησασαι
872 3050 920 3112 καὶ
948 3049 1190 3132 συναρμοσθεῑσαι
1218 3050 1369 3131 ἀλλήλαις·
1403 3073 1422 3131 η
1450 3048 1505 3131 γάρ

259 3153 405 3236 ὑπερβολὴ
428 3156 479 3214 τοῦ
502 3152 644 3234 αἰσθητοῦ
667 3152 728 3214 λόει
751 3152 769 3234 ἣ
793 3153 904 3237 φθείρει
926 3154 977 3236 τἠν
1000 3152 1171 3234 αἰσθητικὴν
1194 3150 1350 3233 ἐνέργειαν·
1381 3151 1411 3212 ἐν
1435 3171 1505 3234 συμ·

259 3255 359 3339 μετρία
382 3256 414 3318 δὲ
436 3257 455 3338 ἡ
475 3254 620 3337 αἴσθησις,
644 3257 691 3318 καὶ
713 3256 786 3338 ἡδέα
809 3242 903 3340 φαμὲν
926 3255 961 3317 τά
984 3255 1056 3317 κατὰ
1079 3255 1130 3337 τὴν
1154 3254 1340 3337 συμμετρίαν.
1376 3252 1432 3337 ἀρα
1454 3252 1506 3316 οὖν

259 3358 327 3421 όταν
351 3358 391 3440 μὴ
415 3358 517 3440 ἐνεργῇ
541 3357 720 3440 ἡαῖσθησις,
743 3358 795 3420 οὐκ
819 3358 848 3420 ἐν
864 3358 1024 3441 συμμετρίᾳ
1047 3355 1114 3419 καθ’
1142 3357 1263 3439 ἑαυτήνς
1286 3356 1305 3437 ἢ
1328 3355 1428 3439 ἐπειδὴ
1452 3357 1508 3419 οὐκ

218 3481 245 3522 ειυ
259 3464 367 3543 ἐνεργεῖ
392 3456 460 3521 καθ’
490 3460 596 3541 ἑαυτὴν
627 3459 691 3522 ἀλλ’
719 3461 748 3522 ἐν
776 3485 812 3544 τη
841 3462 913 3544 πρὸς
938 3460 974 3522 τά
996 3459 1052 3528 ἔξω
1075 3459 1213 3521 ἀποτάσει
1240 3460 1289 3521 καὶ
1310 3483 1346 3541 τη
1373 3459 1444 3543 πρδς
1471 3460 1507 3522 τά

260 3564 386 3647 αἰσθητὰ
407 3563 517 3647 σχέσει,
540 3565 626 3647 δῆλον
649 3566 689 3631 ῶς
711 3564 779 3625 οὐδὲ
794 3563 846 3644 τὴν
868 3563 1050 3645 ἐνεργητικὴν
1074 3561 1129 3630 έΕει
1152 3562 1325 3645 συμμετρίαν
1348 3560 1418 3623 καθ’
1440 3562 1507 3624 ἑαυ-

261 3671 323 3752 τήν.
346 3668 397 3750 τὴν
420 3666 516 3747 μέντοι
538 3664 611 3727 κατὰ
631 3664 748 3748 δύναμιν
771 3666 827 3734 ἐῖει
847 3666 1032 3748 συμμετρίαν.
1066 3665 1248 3748 προόπάρχει
1270 3663 1323 3747 γάρ
1346 3665 1364 3746 ἡ
1388 3664 1507 3746 δύναμις

260 3772 308 3833 καὶ
336 3767 404 3832 καθ’
433 3769 540 3851 ἑαυτὴν
568 3768 729 3849 θεωρεῖται.
777 3766 842 3829 ἀλλ’
870 3768 917 3830 ἐπὶ
944 3767 980 3830 τά
1009 3767 1074 3851 ἑξῆς
1101 3766 1206 3848 ἴωμεν,
1238 3765 1289 3828 ἀπ’
1317 3764 1408 3849 ἀλλης
1434 3769 1505 3851 ἡμῖν

261 3875 356 3957 ἀρχῆς
378 3870 414 3933 τά
436 3869 523 3933 λοιπὰ
544 3874 595 3932 τοδ
617 3868 749 3953 πέμπτου
772 3870 881 3955 βιβλίου
903 3868 1166 3954 ἐπεξεργαζόμενοι.

327 4018 607 4028 ...ι-------.---

208 4097 224 4146 4
244 4093 292 4163 οὺχ
310 4091 325 4163 ᾖ
346 4094 500 4161 μεμέρισται]
520 4093 552 4145 εί.
571 4092 680 4146 Aristot.
698 4093 803 4145 425231
903 4092 969 4145 θεῖ.
988 4092 1096 4160 Simplic
1114 4092 1163 4144 l.c.
1184 4089 1278 4154 187,3l
1373 4090 1510 4159 θένωσιν]

209 4182 241 4234 cf.
260 4182 376 4249 simplic.
395 4181 443 4232 Le.
465 4180 561 4245 1852,3.'›
675 4181 705 4232 18
724 4180 756 4231 cf.
775 4179 890 4248 Simplic.
909 4180 958 4232 l.e.
980 4180 1059 4242 186,ίὶ
1165 4178 1194 4229 ‘21
1217 4176 1329 4248 ἀριθμῷ]
1348 4178 1380 4230 cf.
1400 4178 1509 4231 Aristot.

209 4269 299 4321 427212
406 4269 438 4320 ‘24
457 4266 627 4340 Ἀριστοτέλει]
646 4268 752 4321 4213227
860 4266 893 4318 θ’.)
911 4265 1077 4338 προϋπάρχει]
1096 4266 1128 4316 τί.
1149 4266 1255 4317 λιίείυί.
1274 4263 1379 4315 44le

211 4475 225 4525 7
255 4477 334 4544 χωρὶς
352 4476 428 4527 ἄνεισι
454 4478 558 4544 scripsi:
588 4477 698 4549 χωρίσαν
722 4476 767 4527 εἰσὶ
790 4474 863 4527 codd.
883 4476 911 4525 b:
940 4472 1063 4545 χωριστόν
1081 4471 1125 4524 εἶσι
1149 4489 1169 4523 ιι·
1312 4473 1327 4523 9
1353 4478 1404 4529 τοῖς
1426 4470 1512 4528 αὐτοῖς

211 4563 348 4626 ΙθίῙΡὮθ
458 4564 483 4614 ll
516 4561 565 4632 ὅτι]
584 4563 612 4614 τό
632 4580 652 4614 w
766 4564 795 4614 Γ.)
823 4561 872 4631 τῷ]
891 4561 920 4613 τὸ
940 4562 1075 4624 LM'P'QV
1186 4561 1215 4611 1ίί
1244 4559 1455 4628 συναισθανομένη
1475 4575 1511 4610 w:

210 4649 389 4719 συναισθομένη
410 4651 483 4701 codd.
504 4653 519 4703 b
630 4652 659 4702 18
678 4670 704 4702 τε
723 4668 773 4702 om.
793 4652 830 4699 Ιιιν
939 4649 971 4700 22’
990 4647 1039 4717 τῷ]
1059 4647 1087 4699 τό
1107 4649 1215 4700 Μ’·Ῥῖθυ*
1322 4645 1350 4718 γ’γ]
1369 4644 1385 4715 ἦ
1406 4646 1462 4698 ΙιλίΙ

211 4739 244 4789 25>
263 4736 385 4808 αἰσθητὴν
404 4739 527 4801 Lh1¹PQv
636 4739 668 4789 :33
688 4738 731 4790 ἀπ’
754 4739 774 4789 [ί
795 4738 862 4803 (cum
884 4736 996 4799 fficium:
1016 4733 1057 4787 ἐπ’
1079 4735 1099 4786 L
1118 4747 1165 4787 ττι.
