3510 5610
202 234 244 313 82
664 318 668 324 .
746 244 918 304 rnrsernru
935 244 1019 304 nrm

252 420 375 484 finitum
399 421 512 486 dicitur
532 422 566 487 in
585 423 731 508 patiendo
754 424 829 508 quid
843 431 987 490 naturam
1003 445 1120 489 eorum.
1164 425 1357 512 simplicibus
1380 445 1507 510 qnoque

253 524 431 608 corporibus
453 532 600 610 quattuor
623 526 827 591 existentibus
848 549 970 591 summa
992 528 1118 612 quidem
1141 535 1172 592 θῖ
1194 528 1402 593 sincerissima
1424 536 1509 592 terre

253 633 286 690 et
305 626 398 710 ignis,
427 629 529 693 media
554 649 628 693 uero
658 637 690 693 θῖ
714 629 815 693 mixta
836 630 935 714 magis
957 651 1039 714 aqua
1062 638 1093 695 et
1113 652 1180 696 aer:
1216 629 1371 696 contraria
1400 642 1509 695 antem

253 729 318 812 igni
340 732 465 815 quidem
487 753 578 816 aqua,
601 733 665 797 aeri
687 753 760 798 uero
783 737 879 813 terre3
908 733 983 798 haec
1006 734 1089 798 enim
1112 755 1151 798 ex
1173 733 1335 799 contrariis
1357 733 1508 817 passioni-

224 832 310 897 obus
332 835 502 899 constituta
523 841 606 900 sunt.
651 836 721 919 igne
744 835 827 900 enim
851 835 950 900 calido
973 841 1005 900 et
1026 837 1107 901 sicco
1123 837 1274 901 existente
1289 836 1409 901 nullam
1425 858 1510 920 aqna

253 938 500 1001 communionem
534 939 628 1002 habet
654 938 693 1002 ad
718 938 835 1022 ignem3
867 938 996 1003 humida
1023 939 1106 1003 enim
1134 946 1180 1004 est
1212 946 1244 1004 et
1268 939 1393 1022 frigidm
1427 940 1510 1004 sicut

253 1045 285 1103 ct
307 1045 402 1118 terra,
435 1040 545 1123 frigida
572 1047 603 1105 et
629 1041 716 1105 arida
741 1041 816 1106 dum
843 1042 898 1122 sit,
926 1042 1177 1106 communionem
1202 1043 1323 1106 unllam
1349 1042 1445 1107 habet
1466 1042 1509 1106 ad

252 1164 339 1224 aera,
373 1143 509 1208 calidum
543 1144 728 1209 existentem
756 1152 787 1209 θῖ
812 1145 976 1209 humidum
1008 1146 1178 1210 secundnm
1211 1146 1337 1211 multos.
1381 1146 1415 1209 in
1443 1165 1507 1209 uno

252 1265 376 1329 quoque
398 1253 502 1311 autem
531 1247 755 1312 elementorum
782 1247 861 1313 duae
887 1247 1013 1332 quidem
1040 1254 1114 1312 sunt
1141 1247 1344 1326 differentiae,
1378 1247 1434 1312 sed
1468 1269 1507 1311 ex

212 1363 238 1408 1o
252 1347 371 1413 duabus
393 1371 456 1413 una
479 1350 627 1415 elementi
649 1350 836 1416 dominatur.
881 1351 960 1434 ignis
982 1351 1065 1414 onim
1088 1351 1187 1434 magis
1210 1359 1257 1416 est
1275 1351 1394 1415 calidus
1409 1371 1508 1435 quam

251 1452 363 1531 siccus3
392 1474 444 1517 aer
471 1460 576 1517 autem
599 1454 744 1518 humidus
766 1461 814 1518 est
834 1454 932 1537 magis
955 1474 1050 1537 quam
1073 1453 1203 1533 calidus3
1233 1461 1265 1518 θῖ
1291 1475 1373 1538 aqna
1393 1453 1508 1536 frigida

252 1561 299 1620 est
320 1554 418 1640 magis
440 1577 534 1639 quam
556 1556 694 1635 humida,
718 1557 798 1620 sicut
821 1563 852 1620 et
874 1563 956 1620 terra
978 1557 1076 1641 magis
1098 1557 1184 1621 arida
1207 1563 1254 1621 est
1276 1577 1368 1640 quarn
1384 1555 1506 1639 frigida.

251 1665 417 1722 mouentur
432 1665 537 1722 autem
561 1664 592 1722 et
613 1659 646 1722 in
667 1679 700 1722 se
722 1659 790 1743 ipsa
811 1659 901 1722 facile
925 1658 1051 1743 quidem
1073 1681 1144 1724 cum
1167 1680 1341 1744 perunum
1364 1679 1505 1722 commu-

250 1761 357 1825 nicant
379 1767 410 1825 θῖ
437 1782 615 1846 perunum
642 1768 853 1845 opponuntur;
890 1760 1055 1826 difficulter
1087 1782 1161 1826 uero
1195 1761 1318 1845 quando
1345 1782 1402 1846 per
1428 1760 1507 1824 duas

211 1879 238 1923 15
251 1865 439 1928 differentias
462 1863 685 1928 contradicunt.
730 1864 808 1948 ignis
831 1865 914 1928 onim
937 1864 969 1928 in
993 1886 1065 1929 aera
1086 1872 1119 1928 θῖ
1140 1864 1253 1928 iterum
1276 1885 1329 1928 aer
1349 1863 1505 1946 inignem

251 1968 341 2032 facile
362 1975 516 2047 mouetur,
537 1973 574 2031 ut
595 1987 791 2031 communem
806 1967 953 2031 habentia
968 1967 1171 2048 caliditatem,
1194 1967 1275 2032 circa
1289 1986 1364 2030 uero
1381 1966 1506 2030 aridum

252 2078 283 2135 et
305 2071 445 2134 umidum
469 2070 632 2135 contraria.
677 2090 731 2133 aer
753 2089 876 2153 quoque
897 2075 929 2133 et
951 2089 1033 2152 aqua
1053 2069 1211 2150 similitor3
1241 2077 1287 2132 est
1314 2068 1397 2132 enim
1421 2088 1504 2132 com·

252 2194 346 2236 mune
374 2173 417 2237 eis
438 2172 618 2250 humidum,
653 2171 796 2255 quamuis
823 2170 969 2254 frigidum
996 2171 1094 2236 culido
1123 2171 1324 2236 contrarium.
1370 2176 1401 2234 et
1423 2192 1507 2254 aqua

250 2275 365 2339 iterum
398 2281 429 2339 θῖ
459 2284 541 2338 terra
574 2275 664 2357 quasi
697 2273 853 2337 communi
887 2274 1039 2338 existente
1071 2274 1104 2337 in
1138 2274 1289 2337 ambobus
1323 2272 1505 2356 frigiditate,

210 2391 238 2437 ao
251 2378 372 2462 quamis
404 2377 520 2441 siccum
546 2377 674 2440 humido
701 2377 899 2440 contrarium.
944 2397 1016 2440 cum
1043 2396 1112 2459 ergo
1134 2375 1168 2439 in
1194 2375 1242 2439 his
1273 2375 1464 2439 contrarium
1487 2396 1508 2439 a

251 2480 403 2547 contrario
438 2485 611 2564 superatur,
644 2479 775 2542 efficitur
807 2478 898 2542 facile
930 2479 1040 2542 horum
1070 2479 1104 2542 in
1130 2500 1162 2542 se
1189 2477 1325 2541 inuicem
1358 2477 1503 2541 mutatio.

250 2605 321 2648 cum
356 2603 429 2646 uero
462 2587 603 2646 mutatur
630 2580 709 2664 ignis
734 2580 767 2643 in
797 2600 910 2663 aquam
938 2587 993 2644 aut
1020 2603 1101 2665 aqua
1128 2582 1160 2644 in
1189 2581 1292 2663 ignem
1319 2586 1375 2643 aut
1396 2601 1450 2643 aer
1473 2579 1507 2643 in

250 2692 366 2750 terram
389 2691 445 2748 aut
466 2683 579 2747 iterum
602 2682 634 2747 in
656 2703 728 2746 aera
749 2687 846 2761 terra,
880 2683 1013 2747 difficilis
1038 2684 1151 2747 horum
1178 2683 1213 2746 fit
1239 2682 1381 2745 mutatio.
1426 2681 1505 2745 nihil

252 2788 335 2852 enirn
357 2807 519 2850 commune
542 2785 585 2848 ois
609 2784 647 2847 ad
669 2806 702 2848 se
723 2783 871 2858 inuicem,
894 2792 1001 2868 utpote
1023 2785 1088 2869 igni
1110 2785 1149 2849 ad
1171 2805 1286 2868 aquam
1309 2789 1364 2847 aut
1384 2784 1448 2847 aeri
1463 2783 1505 2846 ad

208 2898 378 2970 interram,
412 2889 465 2953 sed
492 2888 572 2951 duae
600 2887 765 2970 qualitates
794 2894 993 2972 opponuntur
1018 2887 1147 2951 duabus.
1193 2886 1410 2950 communione
1433 2906 1505 2969 ergo

250 3015 314 3059 non
334 2993 521 3057 subsistente
544 2989 658 3053 mutari
681 2989 806 3072 quidem
832 2991 866 3054 in
892 3011 924 3054 se
946 2990 1082 3054 inuicem
1110 2976 1253 3073 possunt,
1287 2994 1505 3053 uerumtamen

250 3095 426 3161 difficulter.
471 3093 518 3157 his
543 3092 638 3175 igitur
663 3090 878 3174 praediffinitis
905 3093 1070 3156 dicendum
1096 3092 1252 3176 quomodo
1279 3091 1312 3155 in
1338 3090 1441 3156 medio
1472 3098 1506 3154 et

250 3200 331 3263 circa
352 3196 490 3261 medium
512 3194 644 3258 discreta
665 3201 748 3258 sunt.
793 3200 874 3257 terra
901 3194 1026 3277 quidem
1053 3200 1130 3273 stat,
1165 3214 1246 3277 aqua
1272 3214 1345 3258 uero
1373 3194 1504 3257 circum-

250 3302 351 3387 posita
385 3299 465 3363 circa
498 3303 625 3361 terram:
662 3296 737 3359 haec
766 3303 872 3359 autem
900 3296 1038 3359 continet
1064 3296 1144 3359 aeris
1170 3296 1303 3360 amictus
1330 3302 1445 3360 terram
1472 3303 1506 3360 et

210 3402 476 3490 eosuperpositam
499 3420 612 3483 aquam
635 3398 788 3475 ambienS,
818 3405 849 3462 et
875 3399 956 3462 circa
978 3398 1057 3462 aeris
1078 3399 1242 3482 sphaeram
1266 3419 1404 3482 eaquae
1428 3397 1504 3461 dici·

250 3516 301 3572 tur
326 3505 416 3590 ignis.
460 3503 525 3588 ipse
552 3502 634 3566 enim
663 3507 709 3565 est
736 3506 883 3584 quattuor
909 3506 1098 3579 extremum,
1131 3500 1212 3564 sicut
1243 3501 1383 3564 medium
1409 3505 1504 3564 terra.

249 3609 448 3675 humidorum
480 3610 588 3668 autem
614 3610 646 3667 et
672 3603 828 3668 aridorum
854 3624 893 3667 ex
920 3608 1002 3667 terra
1029 3609 1061 3667 et
1087 3602 1168 3667 circa
1194 3609 1310 3667 terram
1334 3602 1506 3666 inflationis

196 3887 212 3940 2
237 3885 346 3940 Aristot.
365 3880 486 3935 330b30:
511 3877 592 3932 ὄπων
611 3876 637 3929 δὲ
654 3878 781 3950 τεττάρων
799 3882 851 3929 τῶν
868 3875 957 3929 ἁπλῶν
976 3879 1102 3947 σωμάτων
1182 3878 1226 3930 καὶ
1244 3876 1310 3949 ἄκρα
1328 3876 1373 3946 μέν
1392 3877 1437 3929 καὶ
1455 3875 1560 3950 εἰλικρι-

196 3976 303 4027 νέοτατο
320 3974 370 4039 πῦρ
388 3968 432 4020 καὶ
450 3971 497 4037 γῆ,
521 3967 584 4034 μέσα
602 3963 629 4017 δέ
652 3966 695 4017 καὶ
718 3965 857 4034 μεμιγμένα
880 3963 974 4033 μᾶλλον
996 3963 1064 4034 ὕδωρ
1088 3966 1131 4017 καὶ
1149 3964 1206 4034 ἀήρ.
1242 3965 1286 4016 καὶ
1304 3965 1411 4037 ἑκάτερα
1429 3965 1561 4037 ἑκατέροις

196 4058 306 4113 έναντέα·
334 4057 393 4129 πυρὶ
412 4056 456 4124 μὲν
479 4055 524 4125 γὰρ
543 4051 653 4105 ἐναντέον
676 4050 758 4123 ὕδωρ,
781 4053 834 4124 ἀέρι
852 4051 878 4104 δὲ
896 4057 940 4120 γῆ·
968 4057 1048 4105 ταῦτα
1066 4055 1112 4126 γὰρ
1133 4053 1162 4105 ἐκ
1180 4058 1234 4104 τῶν
1257 4051 1377 4105 έναντέων
1394 4049 1560 4123 παθημάτων

196 4148 346 4216 συνέστηκεν
458 4142 490 4193 10
516 4139 549 4192 cs.
568 4139 677 4193 Aristot.
696 4140 799 4192 33123:
830 4139 859 4192 οῦ
878 4140 928 4209 μὴν
947 4137 1004 4191 ἀλλ’
1024 4139 1112 4199 ἁπλοῦς
1129 4159 1157 4210 γε
1175 4141 1282 4212 τέτταρα
1300 4139 1360 4193 ὄντα
1380 4139 1433 4198 ἑνὸς
1450 4139 1560 4192 ἕκαστον

196 4234 256 4297 ἐστι,
273 4237 306 4302 γῆ
326 4232 370 4299 μέν
389 4228 464 4301 ξηροῦ
483 4227 579 4297 μᾶλλον
596 4225 612 4297 ἢ
631 4227 737 4297 ψυχροῦ,
757 4225 824 4298 ὕδωρ
843 4226 870 4278 δέ
887 4225 987 4297 ψυχροῦ
1006 4225 1101 4295 μᾶλλον
1119 4226 1235 4300 ἡῦγροῦ,
1253 4229 1301 4300 ἀὴρ
1320 4226 1343 4279 δ’
1364 4225 1441 4298 ῦγροῦ
1460 4225 1559 4295 μᾶλλον

196 4320 213 4391 ἢ
232 4319 337 4391 θερμοῦ,
355 4323 404 4389 πῦρ
422 4316 449 4368 δὲ
467 4314 561 4386 θερμοῦ
579 4313 709 4385 μᾶλλονή
729 4312 804 4385 ξηροῦ
899 4314 930 4366 13
949 4314 981 4367 cf.
1000 4314 1108 4367 Aristot.
1127 4314 1237 4368 331224
1247 4331 1303 4383 sqq.
1393 4313 1427 4367 28
1446 4315 1559 4367 Aristot.

197 4407 318 4460 3541123:
336 4411 381 4460 τοῦ
399 4406 445 4477 γὰρ
460 4402 549 4462 ὕδατος
567 4404 623 4474 περὶ
640 4403 686 4472 τὴν
704 4406 751 4472 γῆν
764 4401 964 4474 περιπετομένου,
983 4400 1096 4472 καθάπερ
1115 4402 1170 4473 περὶ
1187 4407 1262 4455 τοῦτο
1280 4402 1355 4472 ἡποῦ
1373 4401 1445 4473 ἀέρος
1464 4409 1559 4472 σφαῖρα

197 4496 240 4547 καὶ
258 4495 312 4566 περὶ
330 4492 424 4564 ταυτην
441 4492 458 4563 ἡ
477 4491 598 4563 λεγομένη
617 4490 694 4561 πυρός
716 4490 802 4558 (τοῦτο
820 4492 867 4562 γάρ
890 4491 941 4542 ἐστι
958 4490 1060 4541 πάντων
1079 4487 1198 4561 ἔσχατον,
1220 4489 1269 4543 cto'
1290 4492 1326 4547 ὡς
1344 4488 1367 4542 οἱ
1385 4486 1497 4541 πλεῖστοι
1516 4487 1556 4540 λέ·

196 4599 280 4652 γουοιν
298 4581 345 4636 eto’
366 4581 402 4639 ὡς
419 4579 502 4650 ἡμεῖς)
521 4580 574 4633 aab.

200 4843 231 4900 18
249 4841 332 4898 aalide
353 4837 419 4895 OM:
437 4839 543 4895 humido
562 4838 595 4891 Η
696 4838 729 4895 25
748 4853 801 4894 non
820 4857 865 4893 om.
886 4837 945 4892 GM.
1053 4836 1087 4893 30
1105 4853 1207 4909 speram
1228 4833 1311 4887 CHM
