3510 5610
786 339 981 392 PRAEFATIO
1514 346 1553 386 xv

197 513 345 580 omnibus
361 512 532 580 adhibetur
546 512 748 596 animalibus,
771 511 818 576 ita
839 518 873 576 ut
888 511 985 577 etiam
1001 509 1054 574 ubi
1071 511 1223 575 lemmata
1236 510 1353 576 desunt
1367 509 1408 575 de
1423 515 1554 574 auctore

196 633 253 699 vix
267 634 369 700 semel
384 632 531 699 haereas.
538 631 561 717 ¹)
600 631 725 713 dentes,
748 629 849 713 digiti,
872 629 1001 696 meandi
1016 649 1096 711 mos,
1118 628 1303 694 interiorum
1319 628 1456 712 partium
1472 626 1553 692 ratio

196 754 288 818 velut
301 752 427 836 iecoris,
450 751 553 836 lienis,
576 750 692 834 cordis,
715 756 781 814 tum
797 749 910 832 coitus,
932 746 1134 831 graviditatis
1150 747 1246 831 modi,
1268 754 1390 831 partus,
1412 746 1554 830 deiuge

197 891 312 937 nerum
327 870 453 954 species
467 869 682 953 varietasque,
699 868 902 951 nutrimenta,
925 866 1037 949 morbi,
1053 873 1145 933 aetas
1161 866 1381 932 observantur.
1410 867 1463 933 vel
1477 886 1554 933 ana·

197 990 336 1055 tomicae
357 989 434 1054 illae
463 986 697 1072 descriptiones
725 993 813 1052 certa
834 988 946 1070 regula
967 987 1014 1052 ita
1036 987 1247 1069 continentur,
1274 993 1308 1051 ut
1330 986 1372 1051 ad
1395 986 1552 1069 quaedam

197 1109 292 1193 quasi
307 1109 466 1193 exempla,
478 1110 568 1174 velut
582 1127 694 1174 canem
711 1113 743 1172 et
757 1107 979 1190 suem,‚omuia
992 1105 1211 1189 referantur’)
1240 1105 1281 1170 de
1297 1111 1432 1171 externa
1447 1104 1554 1188 operis

196 1228 426 1313 Aristophanei
450 1226 534 1292 facie
555 1226 634 1292 satis
649 1234 736 1292 certo
759 1225 893 1291 iudicari
916 1232 1035 1309 posset,
1063 1226 1090 1290 si
1113 1224 1229 1308 §1-3
1252 1225 1324 1290 libri
1339 1223 1471 1290 secundi
1485 1223 1554 1288 Ari-

197 1345 350 1430 stophani
372 1345 483 1412 deberi
498 1353 670 1412 constaret.
706 1364 759 1410 res
774 1342 886 1408 dubia:
909 1344 1098 1411 coniecturis
1120 1345 1287 1427 indulgere
1301 1345 1459 1426 nolumus,
1482 1362 1553 1409 oum

197 1466 387 1550 praesertim
410 1464 605 1549 posteriores
626 1465 690 1530 duo
706 1463 778 1528 libri
800 1462 1032 1531 desiderentur.

286 1583 366 1650 (lum
387 1604 506 1667 magua
527 1583 623 1650 fuerit
636 1585 868 1667 Excerptorum
894 1581 1231 1649 Constantinianorum
1253 1585 1340 1668 apud
1357 1584 1553 1670 Byzantinos

198 1705 315 1789 gratia,
327 1721 411 1786 quae
422 1702 474 1769 vel
490 1723 530 1768 ex
545 1703 732 1769 animalium
746 1702 905 1772 indicibus
921 1701 995 1766 hinc
1010 1702 1188 1786 desumptis
1202 1701 1255 1787 [oi.
1265 1703 1361 1789 pvl]
1374 1703 1553 1787 conligitur,

199 1845 265 1890 uon
280 1823 518 1908 desperandum
540 1830 590 1889 est
611 1822 681 1888 iore
704 1820 811 1904 utqui
834 1821 951 1887 desunt
973 1822 1036 1886 duc
1059 1822 1132 1888 libri
1147 1821 1322 1906 aliquando
1343 1822 1552 1905 reperiantur.

198 1964 318 2010 novum
341 1941 485 2010 codicem
506 1949 637 2025 propter
663 1960 813 2024 magnam
835 1942 868 2006 in
892 1939 964 2005 libri
991 1942 1125 2007 alterius
1149 1940 1212 2007 fine
1234 1940 1499 2025 depravationem
1521 1948 1554 2008 et

199 2062 452 2128 imminutionem
474 2060 681 2127 vehementer
696 2061 926 2128 desideramus.
963 2060 1064 2124 multa
1078 2067 1187 2125 tamen
1208 2059 1243 2124 iu
1262 2059 1413 2126 extremis
1428 2068 1554 2126 resecta

198 2203 265 2248 non
288 2180 489 2264 crediderim,
520 2180 607 2262 quod
628 2180 695 2246 112
718 2183 896 2266 σελαχώδεις
919 2180 1084 2265 ἰχθύες-
1108 2200 1189 2263 quos
1210 2181 1244 2245 in
1267 2179 1338 2246 libri
1361 2180 1449 2247 exitu
1472 2186 1554 2246 trae

198 2306 285 2365 tatos
311 2300 430 2365 scimus
456 2337 498 2347 —
527 2303 652 2384 μώνυχα
679 2298 830 2381 subsequi
856 2298 1012 2364 dicuntur.
1057 2299 1166 2382 itaque
1189 2299 1302 2364 ultima
1329 2298 1553 2382 descriptionis

199 2421 346 2505 μωνὺχων
369 2419 527 2504 particula
549 2417 641 2484 simul
666 2438 737 2483 cum
752 2417 912 2482 Timothei
936 2425 969 2483 et
991 2418 1127 2483 aliorum
1147 2418 1285 2484 fortasse
1307 2416 1498 2484 testimoniis
1521 2424 1554 2485 et

199 2542 380 2625 υελυχώδεις
394 2540 496 2626 ἰχθύες
512 2536 722 2621 requiruntur.
755 2536 861 2602 medio
876 2536 944 2604 tere
960 2539 1041 2604 libro
1056 2537 1197 2604 secundo
1213 2545 1278 2602 tres
1293 2537 1427 2601 lacunas
1442 2536 1553 2603 statui:

198 2659 308 2723 statim
323 2664 397 2742 post
412 2659 516 2743 5443,
532 2657 566 2721 iu
580 2676 644 2738 qua
658 2657 895 2740 vespertilionis
910 2659 1028 2725 mentio
1044 2657 1172 2739 desiuit,
1188 2656 1251 2723 duo
1266 2657 1308 2722 de
1322 2656 1477 2722 armentis
1491 2655 1554 2723 loci

196 2777 392 2861 inseruntur,
415 2775 470 2860 qui
485 2774 690 2859 pristinorum
706 2774 747 2841 de
766 2775 849 2841 hove
864 2786 1087 2862 excerptorum
1101 2775 1239 2860 vestigia
1260 2776 1373 2842 ultima
1395 2794 1554 2843 remause

197 2904 284 2962 runt.
319 2896 396 2962 inde
417 2902 554 2979 apparet
568 2893 794 2979 Aristophanis
809 2896 936 2961 Aeliani
952 2895 1112 2962 Timothei
1134 2896 1175 2961 de
1196 2894 1424 2979 vespertilione
1446 2892 1554 2978 capita

196 3014 401 3080 intercidisse
423 3014 600 3096 eademque
622 3015 739 3080 lacuna
753 3013 871 3080 hausta
886 3036 958 3082 esse
978 3017 1020 3082 de
1035 3022 1128 3079 tauro
1151 3022 1303 3099 excerpta
1317 3013 1553 3099 Aristophanis,

196 3133 399 3218 aliorumque
409 3141 575 3198 auctorum
590 3132 782 3200 fabellarum
798 3135 970 3199 maximam
984 3142 1119 3218 partem,
1130 3132 1271 3217 itemque
1282 3134 1420 3200 fortasse
1431 3134 1472 3199 de
1487 3133 1553 3199 alio

198 3253 340 3337 quodam
354 3252 486 3318 animali
501 3255 668 3339 πολισχιδεῑ
681 3254 734 3319 vel
756 3256 881 3339 διχήλῳ.
919 3274 993 3320 nam
1009 3255 1118 3341 δίχηλα
1132 3260 1207 3338 post
1228 3256 1392 3340 πολυσχιδῆ
1415 3258 1554 3318 tractata

197 3392 273 3439 esse
293 3392 335 3438 ex
357 3373 424 3439 112
446 3372 573 3455 colligo.
610 3373 701 3438 hiare
716 3374 813 3439 etiam
828 3373 913 3440 iuter
934 3374 953 3458 ἕ
968 3375 1029 3439 517
1054 3379 1086 3438 et
1100 3372 1174 3456 518,
1194 3373 1259 3438 560
1273 3379 1306 3438 et
1320 3373 1382 3438 561
1399 3370 1555 3437 narratio·

197 3510 273 3557 nem
295 3491 403 3574 arguit
425 3493 545 3558 omissa
566 3492 597 3557 iu
614 3492 839 3577 Aristophanis
861 3491 968 3576 priore
989 3493 1060 3558 loco
1084 3491 1208 3558 oviset
1231 3510 1349 3575 caprae
1370 3490 1553 3574 descriptio,

196 3631 281 3696 quas
302 3612 489 3678 coniunctas
510 3611 610 3677 tuisse
633 3611 803 3677 coniuncta
824 3610 951 3676 Aeliani
974 3610 1093 3677 mentio
1115 3611 1253 3677 suadere
1275 3610 1411 3694 videtur,
1433 3617 1466 3676 et
1487 3608 1553 3675 suis

196 3733 271 3797 loco
285 3732 402 3798 altero:
423 3730 502 3796 alibi
516 3730 742 3814 Aristophanis
764 3731 919 3796 memoria
934 3750 1091 3813 nusquam
1105 3730 1236 3796 interiit.
1271 3729 1377 3812 ipsum
1393 3747 1469 3793 vero
1485 3726 1554 3792 Ari·

196 3850 389 3935 stophauem
411 3851 453 3916 de
468 3869 526 3916 sue
547 3851 687 3915 tacuisse
709 3849 780 3932 quis
796 3850 914 3933 credet,
937 3850 991 3932 qui
1007 3849 1049 3913 ad
1064 3849 1130 3914 suis
1153 3849 1243 3931 quasi
1267 3847 1429 3913 modulum
1445 3853 1554 3913 cetera

196 3969 353 4035 animalia
373 3969 464 4034 illum
486 3968 693 4053 descripsisse
716 3968 991 4034 consideraverit?

284 4087 378 4153 Nunc
399 4087 549 4172 quoniam
572 4088 613 4154 de
628 4087 859 4171 Excerptorum
879 4087 991 4153 ordine
1014 4092 1046 4152 et
1060 4085 1202 4152 lontibus
1224 4085 1303 4151 satis
1318 4085 1438 4151 dixisse
1460 4083 1553 4150 uobis

196 4207 355 4292 videmur,
377 4208 485 4292 placet
506 4208 614 4273 omnia
636 4207 695 4272 snb
715 4227 813 4272 unum
835 4212 1041 4290 conspectum
1064 4226 1195 4290 ponere.

270 4413 291 4480 ¹)
309 4414 452 4466 ductorum
466 4414 573 4467 nomina
591 4428 645 4466 nou
662 4414 822 4482 excerptoris
835 4413 881 4466 sed
892 4414 992 4467 scribae
1006 4415 1124 4467 socordia
1137 4417 1197 4466 ante
1216 4411 1294 4481 §283
1313 4413 1409 4466 emissa
1420 4412 1552 4478 ridentur,

196 4504 313 4570 itemque
331 4501 402 4554 tituli
421 4502 545 4570 capitum.
580 4504 716 4569 excerptor
734 4516 761 4554 se
779 4501 843 4553 haec
860 4501 983 4554 habuisse
1002 4503 1071 4556 dixit
1088 4503 1145 4571 ipse
1163 4501 1313 4572 προγράφων
1334 4500 1389 4570 πυρὶ
1407 4496 1437 4551 οὗ
1456 4499 1521 4552 ἐστιν
1539 4497 1552 4551 ὁ

196 4589 271 4659 λόγος
292 4588 359 4658 ζῴου
381 4587 462 4657 ὄνομα
484 4588 577 4656 (ΙΙΙ).
613 4604 646 4641 cx
670 4588 793 4656 genuinis
816 4589 1032 4657 inscriptionibus
1054 4589 1125 4642 tituli
1148 4589 1193 4656 qui
1212 4591 1353 4656 supersunt
1373 4590 1554 4640 remanserunt

196 4677 269 4729 velut
287 4676 342 4748 rapi
359 4675 452 4730 υαυνῶυ
470 4676 505 4745 (ΙΙ
518 4676 590 4744 325),
613 4673 800 4746 Ἀριστοφάνους
821 4677 876 4745 περ)
894 4675 997 4745 ἄρκτων
1015 4675 1050 4742 (ΙΙ
1064 4675 1135 4742 326),
1154 4676 1184 4728 ἐκ
1201 4679 1246 4726 τοῦ
1264 4671 1389 4741 Τιμοθέου
1408 4675 1463 4745 περὶ
1481 4679 1553 4742 μυῶν

197 4766 242 4816 aul
265 4762 385 4834 μυγαλῶν
407 4763 442 4831 (ΙΙ
459 4763 532 4832 363),
557 4761 745 4835 Ἀριστοφάνους
766 4764 821 4835 περὶ
843 4761 973 4837 μωυὺχυυν
1001 4762 1037 4829 (ΙΙ
1055 4761 1126 4830 573).
1169 4762 1258 4815 eodem
1281 4762 1412 4830 pertinent
1434 4760 1551 4813 codicum

197 4853 320 4906 lemnata
336 4851 395 4904 147
414 4851 450 4919 (p.
467 4851 541 4918 lae)
559 4850 774 4918 149(p.13,10)
792 4848 860 4903 1121
881 4850 919 4918 (p.
931 4849 1024 4915 39,15)
1044 4850 1114 4903 velut
1134 4846 1210 4920 Γυνή,
1222 4847 1316 4913 Ἵππος,
1335 4844 1441 4920 Kopdlc.

268 4939 291 5007 ²)
308 4937 348 4993 Cf.
365 4935 1130 5013 mamplrtce-troqlrc-dverpqtele-acceptatam
1147 4939 1175 4990 iu
1196 4938 1282 4991 Iudice
1295 4937 1326 4990 ΙΙ.
