3510 5610
744 289 913 345 PRISGIANI
931 289 1014 344 LYDI

255 462 370 541 μεταξύ,
393 463 468 526 ἀλλὰ
491 464 608 527 καὶέπὶ
632 470 688 527 τῶν
711 466 877 549 χρωμάτων
900 465 1028 550 ἐναργῶς
1050 467 1194 529 συντελεῖ·
1218 466 1252 529 οὐ
1267 466 1321 551 γὰρ
1336 465 1371 529 δν
1388 466 1429 549 μὴ
1445 465 1505 527 δια-

254 566 475 649 πεφωτισμένου
496 571 548 629 τοῦ
571 567 676 650 μεταξὺ
699 567 817 649 ἴδοιμεν.
858 566 1020 630 ἀκόλουθον
1042 565 1093 630 οῦν
1114 569 1163 631 καὶ
1177 569 1224 631 ἐπλ
1246 572 1304 631 τῶν
1319 570 1461 651 λαμπρῶν
1476 590 1503 629 τι

255 670 439 751 συνεισάγειν.
539 665 607 733 Ἔτι
629 671 661 733 δὲ
683 672 708 733 εἰ
730 672 777 734 καὶ
793 671 840 734 ἐπὶ
861 674 913 753 τῆς
935 669 1026 754 ἀκοῆς
1048 670 1168 733 κινεῖταί
1187 695 1250 740 πως
1271 672 1287 734 ό
1310 672 1369 755 δἠρ
1385 671 1433 734 καὶ
1454 670 1504 733 ἐπὶ
1521 684 1557 742 24
1611 740 1617 751 ,

254 772 305 851 τῆς
326 770 507 855 ὀσφρήσεως,
531 773 577 835 καὶ
601 772 648 835 ἐπὶ
670 778 722 857 τῆς
744 774 823 857 ἁφῆς
844 772 887 849 δέ,
911 771 979 835 όταν
1002 772 1107 856 μεταΕῦ
1129 767 1150 856 ᾖ
1173 778 1224 836 τοῦ
1246 771 1450 857 θερμαίνοντός
1471 796 1504 836 τε

226 874 301 935 σκαλ
317 874 554 957 θερμαινομένου,
577 875 625 938 καὶ
648 875 695 937 ἐπὶ
717 881 770 959 τῆς
783 876 919 957 γεύσεως,
942 876 968 938 εἰ
988 879 1046 938 τῶν
1069 875 1163 958 ὑγρῶν
1185 899 1212 937 τι
1226 874 1273 960 εἴη
1296 876 1411 960 μεταξό,
1434 876 1454 959 ἢ
1477 875 1504 938 εἰ

254 976 302 1037 καὶ
324 975 372 1037 ἐπὶ
394 976 502 1039 τούτων
524 983 566 1062 τῷ
588 978 731 1061 μεμῖχθαι
753 973 812 1039 ἀλλ’
840 976 874 1039 οῦ
897 981 939 1062 τῷ
962 977 1096 1060 ἐνεργεῖν,
1118 977 1282 1041 ἀκόλουθον
1309 981 1357 1042 καὶ
1379 978 1428 1040 ἐπὶ
1449 982 1504 1061 τῆς

255 1074 359 1161 ὄφεως.
404 1077 446 1141 ἔτι
468 1080 544 1142 ἅπαν
567 1082 599 1142 τὸ
621 1079 745 1164 φωτίζον
768 1079 880 1163 ἐνεργεῖ
899 1085 1002 1164 σαφῶς
1024 1080 1065 1149 είς
1086 1080 1119 1143 τδ
1141 1080 1290 1165 διαφανές·
1317 1085 1445 1144 τοιοῦτον
1469 1079 1504 1142 δὲ

253 1180 301 1242 καὶ
324 1182 355 1243 τό
378 1181 449 1264 υῖγαν
472 1181 618 1267 λαμπρόν·
653 1182 729 1245 ὥστε
752 1183 799 1245 καὶ
821 1182 854 1244 τδ
877 1183 1015 1265 ἀμυδρῶς
1036 1184 1167 1266 λαμπρόν
1189 1183 1313 1267 ἐνεργεῖ,
1340 1185 1367 1246 εί
1389 1184 1437 1247 καὶ
1460 1183 1502 1265 μὴ

254 1282 346 1352 σῦτως
369 1285 445 1347 ὥστε
471 1287 619 1369 φωτίζειν·
657 1286 704 1347 καὶ
732 1285 767 1347 τὰ
793 1288 937 1369 χρώματα
966 1284 1199 1348 συντελεωθέντα
1232 1287 1279 1350 καὶ
1307 1287 1501 1369 ἐπιλαμπρυν·

215 1400 240 1444 10
254 1384 341 1449 θέντα
356 1388 411 1450 ὑπὸ
428 1392 478 1451 τοῦ
494 1389 667 1472 φωτίζοντος
682 1388 774 1469 κινοίη
790 1385 824 1450 ἂν
840 1388 887 1450 καὶ
902 1386 976 1449 αῦτδι
990 1386 1023 1447 τδ
1039 1388 1182 1472 ῦιαφανές,
1269 1385 1349 1473 ’Apa
1363 1386 1413 1450 οῦν
1427 1386 1504 1450 αὐτὰ
1520 1404 1555 1459 25

254 1489 305 1570 μὲν
328 1490 360 1552 τδ
382 1490 526 1575 ῦιαφανές,
560 1495 644 1553 τοῦτο
667 1490 700 1553 δὲ
722 1493 795 1552 κινεῖ
819 1490 870 1572 τὴν
894 1487 969 1573 ὄφιν,
1003 1489 1061 1552 οἷον
1091 1492 1246 1575 μορφωθὲν
1268 1490 1339 1554 αῦτδ
1362 1491 1419 1553 ῦπὸ
1441 1496 1501 1554 τῶν

253 1594 433 1676 χρωμάτωνς
467 1590 526 1655 ἀλλ’
554 1593 630 1656 οὕτω
652 1596 702 1654 τοῦ
729 1593 883 1674 διαφανοῦς
913 1590 946 1655 δν
970 1592 1147 1663 πεπονθότος
1174 1591 1368 1677 ᾐσθανόμεθα
1396 1594 1444 1656 καὶ
1467 1586 1514 1656 οῦ

253 1698 304 1756 τοῦ
327 1697 496 1778 χρώματος·
525 1696 550 1757 εἰ
574 1696 606 1758 δὲ
628 1699 679 1758 τοῦ
702 1698 866 1779 χρώματος,
890 1698 973 1756 τοῦτο
990 1693 1024 1757 ἄν
1046 1696 1094 1758 καὶ
1116 1696 1168 1778 τὴν
1192 1694 1256 1780 ὄφιν
1279 1694 1380 1777 κινοίη.
1425 1693 1502 1757 ἀλλὰ

253 1801 303 1859 τοῦ
326 1799 481 1881 διαφανοῦς
496 1835 537 1843 -
553 1799 585 1860 τδ
608 1798 641 1860 δὲ
656 1798 791 1881 διαφανὲς
813 1797 861 1859 καὶ
883 1793 950 1859 καθ’
972 1796 1042 1859 αῦτδ
1064 1798 1206 1880 κινητικόν
1229 1802 1281 1881 τῆς
1303 1795 1410 1882 ὄψεως,
1432 1796 1502 1861 όταν

214 1914 239 1958 15
253 1901 421 1984 φωτίζηται,
444 1899 478 1964 οῦ
501 1897 536 1962 δι’
558 1901 657 1985 ἐτέρου
680 1901 727 1963 καὶ
749 1903 790 1967 ῶς
805 1899 861 1961 όπδ
876 1903 933 1961 τῶν
958 1895 962 1982 ί
986 1901 1151 1983 χρωμάτων
1167 1898 1283 1983 κινηθέν
1298 1935 1340 1988 .-
1355 1900 1395 1969 τίς
1415 1898 1466 1963 οῦν
1480 1902 1501 1985 ἡ
1514 1914 1558 1961 πε

252 2002 377 2086 κίνησις;
411 2002 457 2065 ἵνα
479 2003 527 2065 καὶ
550 2001 628 2071 ὅπως
654 2000 785 2065 αὐτὰτὰ
813 2004 946 2084 ὁρώμενα
974 2003 1021 2064 διὰ
1042 2005 1092 2064 τοῦ
1121 2001 1226 2084 μεταξὺ
1255 2008 1328 2065 κινεῖ
1353 2003 1405 2085 τὴν
1432 2000 1498 2087 ὄψιν

252 2105 448 2190 γνωρίσωμεν.
491 2107 568 2189 φημὶ
590 2105 680 2166 τοίνυν
704 2107 745 2172 ῶς
766 2105 900 2187 καθάπερ
923 2105 955 2167 τδ
971 2105 1094 2189 φωτίζον
1116 2108 1224 2167 τελειοῖ
1244 2104 1276 2167 τδ
1292 2105 1426 2188 διαφανὲς
1440 2128 1502 2190 χω·

253 2214 357 2291 ριστῶς
379 2208 528 2291 παρούσης
549 2205 630 2291 αὐτῷ
655 2212 707 2289 τῆς
729 2204 780 2269 ἀπ’
802 2207 913 2269 ἐκείνου
935 2207 1076 2289 ἐνεργείας
1097 2208 1146 2269 καὶ
1168 2211 1210 2292 τῷ
1234 2205 1368 2291 ἡμετέρῳ
1392 2205 1502 2291 ὄμματι

253 2311 300 2374 διὰ
321 2316 371 2374 τοῦ
395 2312 559 2391 διαφανοῦς,
583 2308 640 2394 οὐχ
664 2312 705 2377 ῶς
718 2308 897 2378 πεπονθότος
918 2307 978 2372 ἀλλ’
999 2313 1041 2379 ῶς
1062 2311 1111 2373 καλ
1132 2310 1222 2373 αὐτοῦ
1244 2307 1318 2371 κατὰ
1339 2309 1391 2393 τὴν
1413 2332 1502 2394 χωρι-

212 2428 240 2471 υυ
255 2414 323 2495 στἠν
346 2412 488 2497 ἐνέργειαν
511 2411 718 2495 τελειουμένου,
753 2413 829 2475 οὕτω
856 2413 959 2476 καὶτὸ
987 2416 1095 2498 χρῶμα
1117 2412 1300 2495 λαμπρυνθὲν
1328 2411 1438 2495 ἐνεργεῖ
1458 2414 1501 2481 είς

251 2518 284 2577 τὸ
307 2515 442 2599 διαφανὲς
457 2520 609 2598 χωριστῶς
630 2513 712 2597 αῦτῳ
728 2514 928 2598 ἐποχουμένην
951 2514 1103 2599 ἐνέργειαν,
1129 2516 1177 2578 καὶ
1198 2514 1246 2577 διὰ
1268 2518 1352 2577 τοῦτο
1374 2513 1408 2576 οδ
1424 2515 1499 2579 κατὰ

251 2618 377 2680 διάδοσιν
400 2616 465 2680 ἀλλ’
486 2615 603 2701 ἀθρόως
626 2618 673 2678 καὶ
697 2618 770 2698 όμοῦ
792 2618 876 2680 παντὶ
898 2618 946 2680 καὶ
968 2616 1039 2700 όλην
1062 2617 1223 2702 ἀμερίστως
1245 2621 1395 2703 πανταχοῦ
1416 2617 1500 2703 αὐτῷ

250 2724 398 2803 παροῦσαν
413 2721 460 2782 καὶ
477 2721 536 2783 οἷον
551 2721 751 2782 εἰδοποιοῦσαν
774 2717 844 2781 αδτδ
860 2725 1023 2803 χωριστῶς,
1046 2720 1093 2782 καὶ
1109 2720 1160 2783 σὺν
1184 2725 1225 2806 τῷ
1241 2721 1333 2790 οὕτως
1355 2720 1499 2805 είδοποιη·

252 2821 328 2884 θέντι
351 2824 397 2884 καὶ
424 2823 476 2904 τὴν
500 2822 642 2905 ἡμετέραν
670 2826 802 2884 κινοῦσαν
829 2819 906 2905 δ’φιν·
942 2823 983 2890 ῶς
1011 2822 1043 2884 τδ
1070 2829 1177 2907 χρῶμα
1204 2822 1275 2886 αῦτδ
1303 2824 1351 2885 καὶ
1377 2824 1419 2891 είς
1445 2823 1499 2905 τὴν

209 2938 237 2981 ‘25
251 2922 314 3009 ὄψιν
337 2925 471 3009 ἐνεργεῖν,
493 2924 558 2987 ἀλλ’
580 2925 639 2987 οῖον
663 2923 844 3009 ὑποκειμένῳ
867 2929 919 3007 τῆς
945 2924 1017 2993 ἰδίας
1038 2925 1179 3008 ἐνεργείας
1201 2932 1243 3011 τῳ
1269 2927 1403 3009 διαφανεῖ
1422 2928 1501 3009 χρῶ·

253 3051 353 3110 μενον,
386 3028 443 3113 οὐχ
473 3031 514 3097 ῶς
542 3030 684 3112 πάσχοντι
710 3023 774 3089 ἀλλ’
803 3030 844 3095 ῶς
870 3026 1098 3112 εἰδοποιουμένῳ
1126 3033 1279 3111 χωριστῶς
1306 3025 1368 3090 κατ’
1397 3025 1498 3110 αὐτήν.

251 3132 295 3193 διδ
318 3132 366 3193 καὶ
388 3132 500 3213 οὶμιγῶς
521 3135 560 3213 τῇ
586 3129 650 3214 ὄφει
676 3131 811 3212 πάρεστιν
840 3154 859 3211 η
889 3134 940 3191 τοῦ
966 3133 1124 3214 χρώματος
1150 3129 1291 3214 ἐνέργεια,
1326 3129 1418 3193 καίτοι
1445 3128 1500 3192 οὐκ

251 3232 347 3303 ἄλλως
370 3238 501 3318 παροῦσα
526 3234 544 3316 ἢ
567 3237 609 3317 τῷ
633 3232 806 3316 ἐποχεῖσθαι
828 3237 871 3316 τῷ
894 3234 1034 3315 διαφανεῖ,
1057 3233 1156 3315 ἐπειδὴ
1180 3234 1291 3315 ἀμιγῶς
1312 3232 1473 3317 ἐποχεῖται.

250 3334 286 3399 Ἰί
308 3334 357 3398 οὖν
374 3340 504 3400 συντελεῖ
525 3336 595 3419 πρὸς
612 3333 709 3418 ὅρασιν
733 3335 765 3396 τδ
781 3333 925 3417 ῦιαφανές,
948 3335 974 3396 εί
990 3337 1101 3418 ἀμιγῶς
1119 3334 1195 3418 αὐτῇ
1220 3335 1389 3419 προσπίπτει
1412 3359 1430 3418 η
1447 3340 1498 3398 τοῦ
1518 3352 1554 3407 26

212 3454 239 3497 30
252 3442 408 3525 χρώματος
434 3438 576 3522 ἐνέργεια;
609 3462 628 3520 η
657 3438 744 3519 δῆλον
772 3438 811 3506 ῶς
837 3441 880 3521 τῳ
904 3438 1087 3522 διαβιβάζειν.
1132 3439 1196 3521 ἥκει
1223 3437 1276 3520 γὰρ
1303 3438 1352 3500 καὶ
1378 3437 1420 3507 είς
1445 3438 1499 3521 τὴν

251 3540 315 3626 όψιν
337 3547 379 3625 τῷ
402 3544 537 3625 διαφανεῖ
557 3538 742 3624 ἐποχουμένη
765 3544 927 3624 χωριστῶς,
955 3543 995 3608 ῶς
1017 3537 1137 3623 εἴρηται,
1161 3541 1208 3603 καὶ
1231 3540 1392 3624 ἀμερίστως
1414 3542 1499 3605 παντὶ

251 3647 392 3727 παροῦσα.
438 3644 482 3706 διδ
504 3644 552 3706 καὶ
575 3644 678 3711 πάντες
700 3643 730 3705 ἐν
751 3647 792 3726 τῳ
809 3641 903 3728 αῦτῳ,
927 3640 989 3704 όσοι
1013 3639 1047 3703 ἂν
1070 3643 1097 3704 οἱ
1120 3642 1273 3727 βλέποντες
1295 3643 1361 3717 ὦσι,
1383 3647 1434 3706 τοῦ
1449 3643 1499 3706 αῦ-

251 3751 302 3809 τοῦ
325 3748 373 3809 καὶ
395 3746 465 3809 ὅλου
487 3746 688 3821 αἰσθάνονται,
712 3747 752 3813 ὡς
774 3746 822 3808 καὶ
843 3750 896 3829 τῆς
917 3750 1018 3829 φωνῆς
1040 3744 1179 3808 ἀκούουσι
1202 3745 1304 3813 πάντες
1326 3743 1395 3827 όλης
1417 3747 1444 3807 σί
1468 3746 1499 3809 ἐν

197 3970 213 4022 3
231 3967 324 4037 ἀκοῆς]
343 3967 376 4020 εί.
394 3969 502 4021 Aristot.
520 3967 629 4020 419125
744 3966 761 4018 4
779 3966 856 4037 ἁφῆς]
876 3968 908 4020 cf.
927 3967 1036 4020 Aristot.
1054 3965 1164 4019 419230
1277 3968 1293 4019 δ
1313 3964 1445 4037 μεμῖχθαι]
1466 3968 1500 4021 τί.

196 4060 305 4111 Aristot.
323 4055 432 4109 422213
545 4052 796 4123 9συντελεωθέντα]
816 4054 848 4106 εί.
869 4053 984 4122 Simplie.
1002 4054 1055 4106 λυ.
1077 4053 1157 4117 136,8
1280 4054 1308 4106 11
1338 4054 1370 4107 σί.
1389 4055 1500 4108 Aristot.

195 4144 304 4198 419213
420 4143 451 4195 91
481 4145 549 4211 εφη]
569 4142 906 4210 τ1.81ιυμ11ο.1.υ.137,3
1020 4140 1241 4211 30’διαβιβάζειν]
1260 4141 1500 4209 υ1.81ωρ11ε.1.ε.

200 4231 296 4298 136,94
403 4230 436 4283 39
455 4230 556 4299 πάντες]
576 4230 608 4283 cf.
628 4231 735 4283 Aristot.
754 4228 862 4281 446b22

197 4442 213 4491 ‘2
231 4438 266 4508 τι]
285 4458 312 4491 τε
331 4439 411 4501 LwQ
511 4438 527 4489 4
546 4436 562 4506 ἡ
582 4436 625 4500 LQ
726 4436 743 4488 8
761 4437 804 4488 καὶ
824 4437 895 4500 (ante
914 4436 942 4487 τό
962 4436 1034 4505 ἄγαν)
1053 4439 1158 4488 uncinis
1176 4437 1269 4489 inclus.
1288 4453 1309 4487 w
1410 4436 1426 4487 9
1444 4457 1500 4506 φω-

197 4528 256 4587 τίζει
275 4529 314 4578 bw
422 4523 648 4597 ἐπιλαμπρωθέντα
667 4526 706 4577 bw
815 4525 843 4576 11
874 4529 949 4576 τοῦτο
968 4541 989 4575 w
1009 4524 1077 4590 (cum
1100 4525 1215 4588 Ficino):
1234 4527 1322 4576 τοῦτο.
1340 4523 1370 4575 τὸ
1389 4524 1463 4577 codd.
1483 4527 1500 4578 b

200 4616 231 4666 13
250 4613 324 4682 ἀλλὰ]
344 4613 407 4665 ἀλλὰ
426 4615 469 4665 καὶ
487 4614 585 4665 Μ’·Ῥθνν
605 4612 674 4678 (cum
694 4610 797 4677 Ficino)
882 4611 910 4662 16
930 4608 1010 4680 ὅπως]
1030 4610 1090 4681 ὅπερ
1109 4613 1148 4664 bw
1232 4611 1260 4663 17
1280 4612 1440 4682 γνωρίζωμεν
1459 4613 1500 4663 bw

198 4701 232 4753 911
250 4700 409 4772 λαμπρυνθέν
426 4701 459 4753 L:
479 4697 631 4770 λαμπρωθὲν
650 4700 727 4751 ceteri
820 4698 851 4749 91
872 4699 1085 4769 ἐπηχουμένηνί.
1179 4697 1208 4750 οῦ
1227 4700 1327 4750 συιδνν
1420 4717 1498 4751 κατα-

198 4787 303 4839 διδόασιν
321 4788 402 4841 va
509 4786 543 4839 ‘25
570 4786 629 4837 fort.
647 4789 681 4855 τη
700 4783 748 4853 ἰδίᾳ
767 4784 877 4857 ἐνεργείᾳ
986 4787 1020 4840 30
1047 4786 1076 4839 τὸ
1094 4785 1281 4856 διαβιβάζεινΙ.
1385 4786 1429 4837 καὶ
1448 4801 1500 4840 om.

198 4876 308 4927 lmpbw
416 4875 450 4927 39
469 4874 552 4944 αῦτῳ]
571 4872 669 4943 θεάτρῳ
690 4874 818 4940 marg.bw
838 4875 957 4940 (Ficiuus
976 4874 1080 4939 theatro)
1187 4873 1211 4924 υ1
1229 4889 1278 4924 σω,
1298 4888 1319 4922 ιν
